2625 4017
380 550 441 623 '272
561 545 609 628 Q.-
644 546 768 612 CUR
789 547 888 611 ΤΗ

383 665 439 711 non
454 643 570 710 desinit.
581 646 676 710 Novis
692 646 786 709 initiis
798 666 826 709 et
841 644 977 709 ominibus
988 664 1057 725 opus

382 737 438 798 est.
455 722 618 806 Auspicium
629 747 657 786 et
668 727 810 806 imperium
824 726 875 787 aiii
888 725 965 786 trade
980 725 1057 785 inte-

383 804 437 867 rim
447 844 461 875 s
471 804 516 876 oui
530 804 634 863 tamdiu
645 826 696 865 rese
706 805 875 884 appelletur,
888 804 972 864 donet
982 802 1058 863 Asia

384 881 501 945 decedat
519 882 637 955 hostis;
652 883 743 945 oiston
758 882 857 944 deinde
871 902 986 963 regnum
1004 881 1058 941 tibi

385 960 494 1024 reddat.
510 959 572 1021 Hoc
586 980 677 1023 autem
687 961 763 1023 brevi
772 960 898 1038 futurum
913 960 984 1022 ratio
995 980 1059 1033 pro·-

376 1040 486 1104 mittit.
504 1039 607 1101 Bactra
623 1041 731 1102 intacta
745 1058 810 1102 sunt
826 1067 836 1101 .·
854 1038 918 1101 Indi
934 1057 962 1101 et
974 1038 1059 1101 Socoe

384 1120 418 1182 in
428 1141 474 1180 tua
485 1136 621 1199 potestate
632 1146 643 1181 .·
655 1136 697 1181 tot
711 1118 820 1201 popuii,
840 1137 880 1181 tos
896 1119 1058 1189 exercitus,

386 1217 428 1260 tot
444 1198 561 1276 epuitum
577 1198 750 1279 peditumque
763 1198 853 1259 mittio
867 1198 904 1259 ad
919 1218 1058 1259 renouan-

383 1276 450 1339 dum
463 1276 561 1338 bellum
574 1277 649 1339 uires
657 1296 769 1358 paratas
779 1277 879 1338 habent
892 1298 906 1347 ,·
930 1296 960 1336 ut
971 1277 1060 1353 major

381 1355 453 1417 aelli
474 1355 559 1416 modes
578 1357 723 1436 supersit,
748 1378 828 1436 quam
849 1355 985 1418 exhausta
1006 1355 1059 1418 sit·

386 1429 467 1515 Quid
489 1436 593 1495 ruimus
614 1434 765 1496 belluarum
785 1436 840 1496 ritu
860 1436 890 1496 in
906 1434 1060 1515 perniciem

386 1534 441 1574 non
464 1513 651 1575 necessariam
671 1516 686 1574 ,θ
706 1512 829 1575 Fortium
847 1515 969 1576 uirorum
992 1529 1058 1581 est,

383 1592 479 1673 magis
502 1612 614 1654 mortem
639 1611 834 1664 contemnere,
861 1613 941 1672 quam
964 1591 1060 1651 odisse

385 1670 485 1735 vitam.
497 1670 577 1752 Saepe
595 1671 678 1734 taedio
694 1672 797 1734 laboris
813 1672 849 1732 ad
860 1670 997 1733 uilitatem
1013 1668 1060 1729 sui

386 1749 584 1831 compelluntur
595 1750 692 1842 ignovi
710 1778 720 1813 .·
736 1770 764 1811 at
783 1749 875 1813 virtus
887 1748 958 1811 nihii
975 1749 1059 1809 inex-

382 1847 494 1909 pertum
521 1829 637 1898 omittit.
665 1827 764 1906 Itaque
788 1829 913 1891 ultimum
940 1828 1060 1888 omnium

386 1927 464 1968 mors
474 1924 538 1978 est,
555 1907 591 1968 od
604 1930 683 1978 quom
694 1931 748 1970 non
763 1910 845 1989 pigre
857 1910 898 1969 ire
913 1908 984 1969 satis
1002 1923 1059 1967 est.

385 1983 530 2055 Proinde,
550 1987 576 2047 si
592 1986 716 2058 Bactra,
738 1989 809 2067 quod
826 1987 994 2048 tutissimum
1010 2006 1058 2045 re-

385 2062 557 2145 ceptaculum
572 2084 631 2135 est,
641 2068 760 2145 petimus
768 2088 781 2138 ,·
789 2065 949 2148 prafhctum
963 2063 1058 2144 regio-

386 2142 435 2205 nis
453 2144 511 2223 ejus
531 2144 672 2215 Bessum,
696 2166 788 2226 regem
811 2145 942 2226 temporis
959 2143 1059 2223 gratia

341 2238 344 2243 ·
386 2239 551 2286 statuamus.
566 2221 734 2304 Compositis
749 2225 828 2286 redas
840 2227 915 2301 justo
931 2222 991 2301 regi
1006 2220 1058 2281 sibi

378 2298 561 2383 fiduciariam
578 2305 706 2364 restituet
725 2302 879 2386 imperium.
897 2303 984 2363 Haud
1004 2301 1061 2361 mi-

385 2402 452 2445 rum
464 2400 526 2453 est,
546 2382 667 2443 Darium
681 2404 739 2443 non
753 2403 922 2461 temperasse
936 2381 1058 2449 animo,

386 2480 550 2541 quanquam
562 2480 621 2522 tam
640 2463 733 2540 impiae
745 2465 811 2524 voci
827 2481 964 2541 quantum
980 2460 1058 2521 nefas

387 2542 531 2610 subesset,
552 2541 669 2603 latebat.
681 2543 801 2619 Itaque,
817 2540 987 2623 pessimum,
1010 2541 1057 2598 in-

386 2618 473 2697 quit,
498 2618 687 2699 mancipium,
712 2621 839 2699 reperisti
862 2638 982 2701 optatum
1006 2615 1060 2678 tihi

386 2713 514 2777 tempas,
535 2718 585 2777 quo
601 2698 782 2779 parricidium
797 2699 904 2781 aperies
917 2707 929 2760 !
941 2699 1060 2759 Strictu-

386 2796 444 2857 que
468 2777 584 2839 acinace
609 2779 804 2839 interfecturus
830 2780 976 2842 videbatur
996 2801 1005 2837 ε
1027 2774 1060 2835 ni

387 2875 509 2936 propere
520 2858 618 2918 Bessus
628 2858 845 2935 Bactrianique,
858 2858 977 2919 tristium
990 2875 1058 2932 spe-

387 2934 433 3001 cie
442 2958 457 3020 5
475 2951 628 3025 ceterum,
644 2938 669 3001 si
680 2956 893 3021 perseveraret,
912 2934 1060 3004 vitscturi,
