2625 4017
358 567 404 621 ιιι
439 566 473 631 Q.
509 566 696 624 eunrrr
730 569 759 624 ι.
792 571 826 624 ιι.
856 575 931 640 -ιιι

249 661 278 709 st
296 656 330 708 ob
346 658 496 708 simultatem
512 676 566 708 cum
582 658 758 723 Hephaestione
775 660 840 723 regis
858 656 928 707 indi·

245 724 397 792 .gnationem
407 724 535 775 incurrisse
545 727 671 784 sensisset,
679 724 764 776 multis
773 742 859 775 auctor
868 724 926 783 suit,

251 808 327 856 seque
340 807 366 842 et
380 810 444 843 arma
458 810 499 841 sua
510 793 680 854 Heplmstioni
693 794 852 843 consecrandi
864 810 870 842 ι
881 808 928 856 pe-

251 859 384 923 cuniasque
391 861 420 907 ad
432 859 639 909 cohonestandum
649 864 719 909 funus
729 861 796 924 large
806 857 927 910 contulit·

252 928 314 976 Hoc
330 927 464 989 exemplum
484 926 574 975 imitati
590 943 647 976 sunt
663 927 757 986 ceteri3
775 944 849 991 eaque
868 941 927 977 ntoat

251 992 376 1057 processit
402 992 592 1042 assentationum
617 993 795 1057 impudentia,
817 1009 844 1043 ut
870 991 925 1058 regi

243 1077 359 1110 unoerore
367 1074 393 1110 et
399 1058 522 1109 desiderio
530 1060 652 1110 defuncti
647 1060 775 1110 insanienti
785 1073 924 1124 persuasum

242 1128 352 1177 tandem
369 1126 466 1184 fuerit,
488 1126 567 1177 Deum
583 1146 630 1179 esse
648 1130 845 1204 Hephaestionem.
863 1130 922 1189 Quo

250 1193 352 1259 quidem
362 1208 511 1258 temporetis
522 1194 646 1258 copiarum
658 1194 925 1270 ducibusAgathocles

248 1261 345 1312 Samius
361 1263 392 1311 ad
406 1276 540 1310 extremuni
556 1260 657 1323 periculi
672 1262 757 1320 venit,
776 1263 842 1325 quod
855 1260 924 1312 illius

249 1329 375 1378 tumulum
391 1327 527 1391 preteriens
537 1327 740 1408 illacrymasse
716 1346 782 1379 visus
795 1342 867 1379 esset.
880 1328 921 1379 Ac

248 1394 300 1445 nisi
318 1395 447 1445 Perdiccas
464 1398 562 1446 venanti
579 1398 625 1448 sibi
642 1398 829 1473 Hepbaestiomm
846 1413 905 1446 aa

249 1464 330 1514 ruisse
341 1462 472 1513 ementitus
483 1481 540 1528 per
549 1462 613 1516 Deos
626 1480 722 1520 omnes,
739 1464 857 1530 ipsumque
894 1481 921 1515 t-

244 1531 409 1598 phaesrionem
423 1530 579 1590 dejerasset,
605 1548 634 1581 ea
652 1530 702 1597 ips'o
719 1546 743 1579 ιι
758 1531 921 1597 cognovisse,

240 1596 410 1663 Agathoclem
421 1614 467 1648 non
476 1612 504 1647 ut
518 1613 656 1653 mortuum,
673 1611 695 1647 et
704 1598 922 1650 vanaedivinitatt'r

247 1664 335 1715 titulis
341 1665 442 1729 frustra
451 1680 564 1715 ornatum
565 1664 680 1725 flevisse,
697 1680 780 1713 verum
796 1663 921 1716 olmtmo·

240 1731 317 1780 riam
328 1734 440 1807 pristino
454 1730 592 1782 sodalitatis
605 1733 726 1803 lacrymas
738 1746 784 1781 non
798 1731 920 1794 renuisse,·

247 1795 292 1847 vir
306 1795 379 1847 fortis
394 1813 420 1848 et
436 1798 467 1846 de
483 1812 540 1861 rege
558 1797 618 1845 bene
631 1810 755 1872 meritus,
776 1795 874 1859 pietatis
893 1796 921 1847 itt

244 1861 355 1918 &micum
365 1881 453 1931 graves
463 1880 543 1927 poenas
553 1862 654 1914 innoxio
665 1861 745 1927 capite
751 1863 918 1927 pependisset.

240 1931 365 1982 Ceterum
377 1946 404 1981 ut
413 1930 535 1995 paulisper
547 1951 560 1980 a
570 1933 638 1983 luctu
646 1945 761 1981 avocaret
769 1930 884 1991 animuin,
892 1930 920 1983 in

242 1999 403 2049 Cossaeorum
413 2009 511 2064 gentem
525 1998 706 2063 expeditionem
719 1998 834 2062 suscepit.
852 2001 917 2064 Juga

242 2064 338 2116 Media
359 2064 400 2115 vic
403 2065 442 2116 ina
458 2066 549 2116 Cossaei
566 2082 671 2123 tenent,
693 2082 803 2128 asperum
821 2081 846 2114 et
864 2082 920 2117 aere

268 2148 343 2191 enus,
361 2148 387 2183 et
399 2135 526 2197 predando
542 2132 617 2183 vitam
631 2133 738 2181 tolerare
753 2132 864 2183 solitum.
876 2132 918 2183 Ab

245 2148 343 2250 iis
295 2200 420 2250 Persarum
430 2218 515 2277 reges
508 2216 587 2249 annuo
598 2199 692 2249 tributo
702 2213 785 2262 pacem
800 2198 920 2250 redimere

243 2281 444 2326 consueverant,
463 2284 494 2317 ne
509 2266 534 2316 in
548 2268 657 2328 subjecta
672 2266 827 2315 decurrentes
842 2265 920 2316 infes-

242 2348 299 2385 tam
308 2306 446 2385 latrociniii
459 2352 483 2385 re
504 2334 585 2384 ionem
599 2337 717 2383 facerent.
731 2331 829 2381 Νιιιι
805 2348 856 2388 prm
866 2348 920 2384 ten·

244 2416 328 2452 santes
342 2403 427 2452 Persas
439 2352 513 2451 faciit
526 2404 684 2465 repulerant,
705 2398 832 2462 asperitate
843 2400 917 2450 loco-

243 2485 302 2521 rum
313 2469 403 2529 defensi
413 2505 421 2527 ,
431 2466 456 2517 in
466 2485 550 2533 quaese
560 2467 726 2532 recipiebant,
737 2465 834 2530 quoties
843 2467 917 2520 armis

243 2537 432 2599 superabantur.
447 2535 525 2586 lident
541 2535 679 2585 muneribus
691 2533 822 2597 quotannis
833 2536 917 2596 plata·

241 2603 359 2661 bantur,
380 2618 409 2654 ut
426 2602 478 2667 regi
495 2601 646 2659 Ecbatanis,
666 2600 706 2650 ubi
722 2600 805 2651 aestiva
820 2602 918 2653 solebat

243 2685 339 2748 agere,
356 2671 505 2736 Babylonem
516 2683 675 2748 remigranti
692 2682 811 2732 turusper
820 2685 847 2718 ea
860 2669 918 2721 locs

243 2735 365 2789 transitus
380 2753 453 2788 esset.
472 2735 551 2788 Ηοι
544 2736 621 2801 igitur
637 2736 685 2785 Al
677 2736 780 2784 rander
798 2734 918 2799 bipartito

243 2803 346 2881 agmine
362 2821 505 2882 aggressus,
521 2801 763 2867 intraquadraginta
761 2800 919 2865 dietperdo·

243 2870 321 2924 mitit
335 2874 399 2923 Nam
409 2870 503 2936 abipso
515 2888 590 2937 rege,
605 2886 630 2921 et
639 2869 791 2927 Ptolemae,
807 2868 848 2933 qui
860 2886 917 2948 par·

243 2954 298 2990 tem
315 2938 437 2991 exercitus
452 2939 571 2997 ducebat,
591 2954 651 3002 sepe
669 2935 741 2994 ceti,
761 2950 787 3011 ut
801 2936 918 3000 captivos

239 3004 472 3075 manciparent,
490 3003 622 3074 permisere
634 3019 662 3058 as
677 3002 781 3060 uictori.
795 3003 842 3056 llle
852 3003 915 3062 rada

710 3068 809 3138 Yyiij
