2625 4017
412 607 448 652 ,co
514 592 542 643 J.
576 591 770 645 FREINSH.
804 589 1002 644 SUPPLEM.'

412 697 470 729 curn
490 678 600 744 equitatu
618 695 644 730 et
662 679 741 728 tribus
761 679 872 744 peditum
892 679 1044 758 cohortibus
1055 675 1098 736 a!

412 748 528 821 Mycalen
542 761 651 797 montem
666 744 762 805 mittit,
777 747 817 797 ubi
829 746 978 796 Persicarum
988 745 1092 801 navium

412 829 489 864 statio
500 829 570 870 erat,
586 831 615 865 ut
624 814 770 864 exscenderc
785 815 897 863 volentes
907 816 1069 865 submoveret
1080 850 1090 875 ,

411 898 490 945 neque
507 880 589 946 aquari
605 879 757 947 lignarive‚
775 896 815 931 aut
834 897 912 932 cetera
929 880 1093 933 necessariae

411 964 478 1000 terra
495 963 578 1013 petere
592 948 759 1027 permitteret.
777 950 810 997 Ea
820 965 858 998 res
873 948 1006 998 barbaros
999 965 1024 998 ιιι
1034 945 1090 998 ιιιί·Ι

411 1016 489 1067 rimas
503 1015 626 1082 angustias
640 1014 771 1076 conjecit:
783 1014 887 1066 obsessis
902 1014 995 1065 similes
1011 1011 1092 1067 Ιιιιιιὲ

411 1082 488 1133 bant'
481 1099 506 1131 ιιι
517 1099 607 1147 portu,
618 1098 695 1148 neque
706 1098 793 1132 terram
803 1082 843 1133 ubi
853 1083 973 1133 volebant
981 1098 1091 1152 capere,

411 1165 454 1200 aut
466 1149 609 1200 necessariis
623 1150 695 1202 rebus
710 1148 776 1199 refici
789 1164 913 1215 poterant.
928 1154 1013 1214 Itaque
1028 1166 1091 1200 con·

410 1217 469 1267 sriro
480 1217 584 1276 habrto
602 1224 698 1267 Samum
711 1232 852 1267 averterunt
861 1233 976 1275 cursum
993 1216 1090 1282 petito-

410 1301 459 1361 que
475 1283 532 1334 inde
549 1299 705 1341 commeatu,
724 1285 838 1336 Miletum
856 1283 950 1334 revecti
969 1299 1024 1334 ante
1042 1302 1088 1334 οι

410 1352 474 1412 tium
495 1367 583 1416 portus
606 1350 726 1402 instructa
746 1351 797 1401 acie
818 1348 1004 1401 constiterunt.
1015 1354 1088 1404 lntet

347 1465 350 1473 ,
410 1407 477 1477 liae,
496 1417 600 1483 quinque
614 1419 742 1468 Persarum
759 1435 832 1468 naves
845 1418 871 1467 in
884 1432 959 1482 portu
977 1419 1085 1483 quodam

428 1486 452 1536 ui
473 1485 538 1535 inter
553 1502 654 1549 parvam
672 1484 741 1535 illam
761 1485 883 1543 insulam,
901 1485 932 1534 de
949 1502 994 1550 qua
1010 1501 1087 1550 supra

409 1504 504 1604 iictum
516 1567 569 1611 est,
588 1568 614 1603 et
623 1552 753 1603 stationem
762 1550 929 1603 Macedonica
941 1550 1023 1602 classis
1032 1568 1087 1604 me·

410 1620 465 1671 dius
483 1636 552 1677 erat,
572 1622 650 1670 multa
670 1618 777 1671 hostium
799 1618 900 1685 navigia
917 1615 1082 1683 conspicati,

407 1687 489 1753 plenis
498 1688 561 1739 velis
575 1688 606 1738 ci>
620 1689 772 1738 ferebantur:
784 1703 839 1737 narn
855 1685 982 1738 maximam
999 1687 1084 1736 socio·

408 1773 463 1805 rum
478 1754 601 1806 navalium
617 1770 711 1818 partem
722 1757 755 1805 ob
771 1754 852 1805 varios
862 1771 917 1805 usus
927 1754 1007 1803 abesse
1017 1769 1083 1803 con·

407 1826 538 1886 jecerant3
559 1838 738 1887 vacuarumque
755 1821 853 1874 navium
870 1821 935 1871 haud
951 1819 1081 1871 difficilem

408 1890 598 1953 occupationem
611 1892 667 1940 fore
682 1888 869 1941 arbitrabantur.
884 1889 921 1938 At
934 1904 975 1937 rex
990 1885 1021 1937 iis
1036 1885 1082 1953 qui

407 1958 509 2008 aderant
525 1954 638 2007 celeriter
653 1955 680 2007 in
698 1958 783 2007 decem
798 1956 911 2006 triremes
926 1953 1051 2019 impositis
1071 1990 1081 2015 ,

408 2024 529 2076 obviam
520 2042 555 2077 are
569 2027 676 2077 hostibus
694 2024 770 2086 iubet.
791 2023 833 2074 111i
851 2039 902 2073 tum
919 2038 1019 2071 numero
1037 2037 1081 2071 na-

405 2090 492 2150 vium,
508 2106 561 2165 tum
576 2090 709 2169 inopinata
713 2108 739 2141 re
748 2089 890 2156 perterriti,
907 2106 960 2138 cum
973 2089 1040 2139 ultro
1051 2105 1080 2141 se

405 2158 458 2222 peti
469 2157 640 2222 conspicerent
653 2157 739 2217 abiis,
755 2176 816 2223 quos
826 2159 959 2221 imparatos
974 2172 1080 2219 oppres-

405 2226 456 2275 suri
473 2241 606 2284 venerant,
626 2242 696 2293 terga
713 2241 834 2277 vertunt.
849 2241 895 2275 una
911 2240 991 2274 tamen
1007 2223 1078 2275 navis¹

405 2293 552 2357 quelassios
561 2261 668 2344 veliebat
680 2293 826 2357 deprehensa
836 2307 889 2349 est·
906 2307 989 2341 cetera
1002 2291 1079 2341 velo-

404 2359 486 2411 ciores
501 2362 531 2410 ad
541 2378 608 2410 surm
618 2362 720 2411 classem
731 2360 878 2435 effugerunt.
894 2363 929 2409 Ita
946 2358 1015 2409 nullo
1031 2374 1078 2408 eo·

403 2444 457 2478 turn
474 2445 524 2493 quae
539 2428 694 2478 intenderant
708 2427 815 2485 effecto,
834 2425 924 2477 Mileto
942 2425 1077 2477 discessum

403 2511 449 2544 est.
459 2496 617 2554 Alexander,
637 2513 692 2545 cum
709 2512 774 2544 suam
788 2463 888 2544 ciassem
899 2492 1078 2558 nequehostili

402 2579 502 2626 parem,
517 2578 542 2612 et
558 2564 587 2612 ad
597 2534 725 2613 aiiosusus
739 2578 912 2626 supervacuam
921 2559 967 2610 sibi
984 2575 1075 2610 cerne-

402 2645 458 2689 ret,
475 2628 595 2707 multique
605 2645 631 2679 et
643 2646 731 2697 graves
747 2630 776 2678 ad
792 2644 945 2679 eamsumtus
959 2626 1076 2692 require·

400 2712 500 2754 rentur,
516 2696 642 2749 dimittere
663 2714 715 2746 eam
738 2695 842 2756 statuit,
861 2694 945 2759 paucis
970 2693 1072 2745 navium

401 2762 520 2823 retentis,
537 2764 625 2829 quibua
639 2765 671 2813 ad
686 2762 828 2813 obsidiones
844 2762 939 2820 urbium
954 2761 1074 2812 machinae

401 2846 570 2906 tormentaque
582 2845 748 2895 portarentur.
770 2831 924 2880 Dissuaserat
938 2828 1003 2878 illud
1015 2829 1074 2879 Par·

399 2896 507 2957 menio,
527 2913 702 2963 monueratquc
718 2913 745 2949 ut
758 2897 838 2950 navali
857 2896 941 2962 praelio
964 2909 1071 2946 conteu-

400 2966 508 3016 deretur.
530 2967 700 3019 Macedonibus
717 2967 778 3019 enim
800 2965 933 3017 victoribus
953 2981 1090 3043 magnum,

398 3031 516 3088 adsueta
525 3035 709 3088 emolumentum
718 3050 868 3087 accessurum
876 3047 942 3087 ιιιι
952 3031 1074 3086 ιινίιιιι
