2625 4017
395 543 455 601 ‘212
577 534 619 617 Q.
662 533 904 600 CUR'TI'I

397 659 454 717 que
471 636 563 699 millia
574 660 583 697 r
596 636 729 715 pedestris
746 638 820 698 acies
839 638 959 699 ducenta
975 635 1070 704 millia

396 716 573 795 expleverat.
580 716 649 778 Hoc
661 715 750 780 modo
762 716 889 779 instructi
900 720 1000 780 decem
1012 738 1070 781 sta«-

395 797 443 857 dia
453 797 630 873 procedunt:
645 795 765 874 jussique
775 795 946 879 subsistere,
965 798 1072 859 armati

394 874 509 936 hostem
527 879 725 952 expectabant.
736 875 892 935 Alexandri
908 879 1067 940 exercitum

394 974 507 1035 pavor,
528 955 607 1033 cuj-us
619 974 704 1015 causa
721 973 781 1013 non
792 956 922 1024 suberat,
942 957 1068 1019 invasits

394 1035 499 1112 quippe
511 1032 650 1111 lymphati
662 1034 797 1108 trepidare
808 1053 974 1112 creperum,
999 1058 1067 1098 orn·

393 1114 476 1175 nium
495 1130 614 1190 pectora
635 1112 755 1173 occulto
775 1132 853 1173 metu
874 1133 1069 1192 percurrente.

338 1211 342 1219 ’
393 1192 472 1254 culi
482 1192 829 1275 sulgor'rernporcaestiuc
842 1195 949 1254 ardenti
965 1196 1068 1255 similia

392 1272 579 1341 internitens,
599 1272 673 1353 ignis
687 1272 803 1347 praebuit
817 1274 960 1348 speciem3
981 1273 1066 1333 flam-

378 1362 510 1430 'masque
529 1371 566 1411 ex
581 1349 664 1409 Darii
681 1351 783 1410 castris·
797 1351 963 1427 splendere,
982 1354 1066 1413 velut

389 1427 466 1491 illati
485 1443 592 1490 temere
612 1428 765 1506 praesidiis,
787 1430 950 1491 credebant.
971 1428 1062 1507 Quod

389 1508 558 1587 siperculsis
567 1508 709 1578 Mazaeus,
722 1509 769 1586 qui
778 1508 942 1585 praesidebat·
948 1509 1042 1570 itineri
1050 1555 1063 1580 ,

389 1590 614 1667 supervenisset,
632 1588 733 1667 ingens
750 1588 842 1648 clades
853 1588 944 1666 accipi
956 1592 1064 1666 potuit.

389 1666 444 1728 ille
455 1668 547 1749 segnis
559 1668 589 1726 in
602 1686 639 1727 eo
650 1686 735 1745 quem
752 1685 938 1743 occupaverat
947 1671 1063 1731 tumulo

389 1748 486 1808 sedet:
500 1763 650 1815 contentus
666 1765 726 1806 non
741 1745 851 1807 lacessi.
868 1748 1033 1808 Alexander
1048 1790 1060 1820 ,

386 1827 508 1907 cognito
522 1846 632 1904 pavore
642 1825 804 1894 exercitus,
821 1824 931 1903 signum
943 1842 976 1885 ut
991 1847 1056 1888 con·

385 1902 520 1963 sisterent
538 1903 626 1974 dari;
646 1902 723 1981 ipsos
748 1921 824 1961 arma
847 1902 1009 1984 deponere,
1024 1928 1062 1968 ae

385 1980 482 2042 leuare
498 2001 609 2063 corpora
627 1981 706 2061 jubet
724 2002 734 2041 a
754 1981 933 2054 admonens,
954 1983 1059 2046 nullam

384 2059 472 2120 subiri
490 2081 603 2121 causant
614 2079 677 2121 esse
689 2058 826 2133 rimoais;
843 2060 947 2123 hostem
962 2065 1058 2142 procul

385 2156 472 2199 stare.
494 2141 627 2201 Tandem
644 2156 795 2217 compotes
807 2142 849 2201 sui
859 2142 963 2219 pariter
974 2165 1057 2207 arma

381 2234 417 2278 ‘er
425 2218 537 2280 animos
547 2240 690 2296 recepere.
703 2219 768 2280 Nec
778 2221 929 2298 quidquam
939 2243 975 2283 ex
984 2245 1057 2300 prae·

385 2297 509 2359 erebus
516 2300 602 2360 tutius
610 2299 703 2362 visum
712 2316 865 2377 cst‚quarn
873 2302 976 2362 eodem
984 2305 1057 2365 loco

381 2379 618 2440 castnmunire.
636 2378 819 2439 Postero-die
836 2382 980 2452 Mazaeus,
1006 2386 1058 2461 qui

381 2458 573 2519 cundelectis
583 2458 710 2534 equiturn
718 2458 832 2517 inedito
841 2462 935 2530 colle,
951 2481 1055 2539 exque

382 2535 577 2603 Macedonum
584 2536 939 2615 prospiciebanturcasrraa
950 2539 1054 2603 canse-

381 2614 482 2688 derat3
498 2616 556 2678 sive
565 2632 644 2676 metu
654 2655 671 2683 ,.
683 2615 742 2678 sive
752 2616 817 2692 quia
827 2616 1053 2696 :praeminando

378 2692 1053 2788 jussuserar‚adDariumrediitMacedones'eum

377 2792 472 2849 ipsum
483 2774 610 2843 collem,
628 2794 718 2851 querar
726 2774 904 2842 deseruerat,
921 2795 1050 2852 occupa·
1098 2838 1103 2848 ,

377 2869 500 2913 venant:
510 2874 578 2913 narn
588 2871 616 2914 et
627 2852 718 2913 tutior
724 2853 841 2930 planitie
852 2869 929 2924 erat;
942 2870 971 2912 et
978 2853 1048 2915 inde

375 2931 450 2996 acies
460 2931 605 3035 bestium,
616 2953 677 3013 qna
685 2932 717 2995 in
725 2952 831 3011 campo
839 2932 1050 3027 explicabaturq
