2625 4017
398 570 468 639 ψ’
574 555 634 637 'Q.
675 558 916 622 CURTll

395 662 532 740 -lydamas
542 661 643 737 procul
654 659 790 728 veniens,
811 678 870 721 uta
886 660 1084 725 Parmenione

404 756 594 818 conspectus,
613 740 694 799 vultu
714 739 815 799 laetitiae
833 741 959 817 speciem
978 743 1081 819 praelc-

402 837 504 886 rente,
528 819 562 878 acl
578 819 828 895 complectendum
844 838 911 879 eum
926 823 1052 881 cucurrit
1069 844 1081 894 3

393 917 558 974 ‚mutuaque
571 899 760 977 gratulatione
776 897 885 967 functi,
906 898 1081 977 Polydamas

403 980 553 1056 epistolam
565 982 599 1036 ab
610 996 675 1056 rege
686 980 818 1053 scriptam
828 978 855 1037 ei
865 978 989 1041 tradidit.
1007 978 1081 1040 Par·

402 1058 522 1119 menion
534 1057 682 1115 vinculum
698 1058 823 1134 epistolae
835 1058 950 1117 solvens
962 1099 971 1129 ‚
996 1056 1080 1136 quiti-

402 1158 468 1198 nam
485 1155 535 1195 rex
548 1136 673 1214 ageret?
695 1137 863 1212 requirebat.
878 1138 931 1197 llle
949 1158 985 1197 ex
1005 1137 1080 1216 ipsis

403 1214 497 1275 literis
516 1214 687 1292 cognitarum
706 1234 768 1273 esse
784 1218 938 1291 respondit.
962 1216 1079 1293 Quibus

401 1294 574 1357 Parmenion
587 1294 666 1353 lectis
677 1314 686 1366 3
697 1289 761 1353 Rex
772 1334 781 1361 ,
794 1295 822 1352 in
844 1297 903 1364 uit,
919 1294 1079 1375 expeditio-

401 1395 464 1436 nem
479 1390 563 1453 parat
579 1372 609 1431 in
624 1371 806 1433 Arachosios.
821 1317 969 1434 itrennum
986 1372 1079 1434 horni-

402 1474 465 1514 nem
486 1468 514 1512 tt
537 1471 673 1530 nunquam
695 1468 847 1512 cessantem
869 1462 881 1513 !
901 1451 952 1512 sed
972 1469 1080 1533 tempus

399 1529 486 1592 saluti
500 1550 559 1590 suta
574 1548 652 1589 tanta
666 1530 725 1608 iam
743 1548 824 1610 parra
838 1530 934 1611 gloria
952 1552 1079 1612 parcere.

400 1612 532 1673 Alteram
553 1609 653 1669 deinde
676 1611 849 1687 epistolam,
873 1611 994 1671 Philotae
1018 1632 1077 1671 no-

392 1691 484 1752 ·mine
497 1689 628 1767 scriptam
644 1689 740 1757 laetus,
759 1690 834 1768 quod
845 1711 881 1750 ex
892 1692 972 1751 vultu
983 1691 1079 1751 notari

422 1787 534 1839 oterat,
553 1770 677 1851 legebat.
702 1770 781 1829 Tum
803 1769 864 1849 ejus
883 1771 957 1830 latus
976 1772 1077 1850 gladio

400 1792 494 1911 laurit
514 1849 679 1916 Cleander,
701 1849 800 1909 deinde
827 1850 958 1928 jugulum
978 1850 1044 1910 ferit
1066 1873 1077 1924 3

399 1931 488 1990 cereri
508 1928 673 1988 exanimem
692 1947 804 2004 quoque
827 1928 1008 1991 confodiunt.
1039 1930 1078 1991 Et

399 2008 556 2089 armigeri,
580 2009 629 2084 qui
649 2006 683 2067 ad
703 2006 810 2067 aditum
829 2008 954 2068 nemoris
974 2008 1075 2071 astite-

391 2107 464 2149 -rant
474 2129 486 2156 ,
509 2088 624 2169 cognita
642 2086 717 2148 caede
729 2123 745 2155 ,·
758 2086 837 2164 cujus
854 2109 936 2149 causa
955 2087 1076 2168 ignora·

397 2169 500 2237 batur,
513 2167 541 2226 in
555 2184 644 2228 castra
654 2166 841 2244 perveniunt3
857 2184 885 2228 et
895 2169 1077 2229 tumultuoso

391 2247 500 2309 nuntio
514 2248 618 2308 milites
630 2246 785 2306 concitant.
797 2246 843 2304 llli
856 2246 957 2307 armati
974 2248 1008 2308 ad
1025 2268 1078 2310 ne·

397 2348 478 2395 mus,
490 2327 519 2386 in
530 2348 588 2403 quo
599 2343 757 2405 perpetrata
767 2324 852 2385 caedes
862 2343 937 2394 erat,
951 2325 1076 2389 co'e'unt:

397 2405 475 2468 et-ni
488 2403 677 2486 Polydamas,
697 2402 833 2483 ceterique
851 2403 973 2484 ejusdem
990 2427 1075 2469 noxa

293 2551 295 2554 ,
392 2484 547 2575 partiripes
564 2482 726 2555 dedentem
748 2503 851 2543 marum
874 2483 1074 2548 circumdatam

344 2612 347 2616 .
396 2584 503 2625 nemori
523 2576 664 2625 eversuros
683 2563 876 2635 denrtnciant;
900 2564 1075 2644 omniumque

387 2642 534 2725 'sanguine
550 2641 613 2703 duci
626 2658 835 2731 parentatum.
854 2643 998 2703 Cleander
1011 2644 1074 2724 pri⁴

391 2744 485 2786 :mores
510 2741 600 2782 eorum
622 2720 769 2781 intromitti
791 2722 869 2800 jubet
888 2745 898 2797 ς
919 2723 1072 2800 literasque

391 2823 426 2865 re
447 2805 469 2864 is
479 2802 594 2881 scriptas
605 2801 639 2861 ad
652 2801 756 2861 milites
767 2803 886 2872 recitat,
904 2803 1004 2879 quibus
1022 2802 1071 2862 in-

395 2825 479 2943 xiiia
495 2878 691 2942 Parmenionis
708 2879 738 2939 in
757 2901 870 2960 regem,
889 2901 1073 2962 precesque,

381 2978 424 3023 rtt
434 2962 524 3044 ipsum
535 2959 729 3041 vindicarent,
742 2963 971 3028 conanebantur.
979 2961 1073 3043 Igitur
