2625 4017
395 574 453 629 μ»
575 550 618 631 Q.
660 550 898 613 cussis

394 652 510 716 vidium.
533 649 714 712 Tantundem
735 671 836 731 quoque
854 666 982 732 posteros
1004 672 1070 716 cre·

394 732 461 792 dere
473 774 484 801 ,
501 749 629 810 quantum
643 750 768 809 presens
780 749 849 791 aetas
860 730 1069 819 spopondisset.

394 807 479 893 Quod
490 811 517 870 si
528 810 611 871 ceteri
622 808 745 869 dubitent
760 831 769 882 ;
791 828 989 890 semetipsum,
1006 833 1068 873 cum

393 912 446 953 rex
464 890 565 949 inisset
580 888 756 957 conuiuium,
772 906 975 970 prostraturum
991 889 1067 951 durni

393 990 504 1049 corpus.
514 967 625 1029 Debere
637 966 709 1027 idern
715 965 815 1042 facere
824 984 958 1036 ceteros,
980 987 1008 1029 er
1023 970 1069 1029 in·

389 1048 489 1131 primis
515 1046 654 1127 sapientia
673 1045 815 1126 praeditos.
838 1043 883 1105 Ab
906 1045 967 1106 iliis
991 1048 1066 1108 enim

393 1126 482 1190 cultus
496 1126 525 1187 in
538 1147 627 1206 regem
645 1146 707 1185 esse
720 1123 887 1205 prodendum
898 1125 1067 1207 exemplum.

392 1206 478 1267 Haud
490 1209 624 1285 perplexe
638 1206 667 1264 in
681 1204 876 1265 Callisthenen
891 1205 1067 1286 dirigebatur

394 1289 497 1347 oratio.
512 1285 644 1347 Gravitas
655 1285 710 1346 uiri
721 1300 749 1344 et
763 1300 875 1361 promta
887 1285 1003 1345 libertas
1019 1289 1067 1345 in-

390 1367 451 1427 risa
468 1366 618 1446 eratregi,
639 1363 716 1441 quasi
731 1366 807 1424 solus
817 1364 994 1424 Macedonas
1009 1387 1064 1444 pa-

389 1463 466 1506 ratos
481 1445 515 1503 ad
529 1446 585 1503 tale
599 1443 769 1520 obsequium
777 1460 945 1504 moraretur.
962 1444 1065 1506 Istum

391 1525 505 1585 silentio
517 1524 612 1591 facto,
629 1543 719 1583 unum
729 1523 813 1582 illum
827 1523 1001 1583 intuentibus
1011 1544 1064 1585 ce·

391 1604 476 1675 teris3
488 1600 520 1662 Si
530 1623 598 1671 rex,
610 1602 710 1680 inquit,
720 1600 837 1662 sermoni
851 1619 895 1660 ruo
906 1599 1063 1677 adfuisset;

390 1682 494 1744 nullius
507 1680 627 1771 profecto
638 1702 697 1770 ⁸vost
710 1678 931 1770 responsuritibi
948 1678 1065 1742 deside-

390 1779 499 1823 raretur
508 1788 518 1821 .·
530 1781 589 1841 ipse
600 1781 673 1821 enum
678 1776 801 1841 peteret,
819 1780 853 1820 ne
862 1779 892 1819 m
899 1761 1065 1839 peregrinos

389 1840 460 1901 ritus
476 1839 641 1919 degenerare
652 1860 684 1899 se
699 1857 831 1918 cogeres,
853 1858 905 1897 neu
918 1837 999 1899 rebus
1007 1839 1062 1917 fe-

388 1917 525 1983 licissime
547 1917 640 1999 gestis
667 1916 803 1979 inuidiam
826 1915 876 1980 tali
900 1915 1064 1980 adulatione

389 1996 575 2059 contraheres.
595 1994 651 2056 Sed
670 1996 796 2076 quoniam
815 1996 916 2065 adest,
938 2016 989 2075 ego
1008 1999 1062 2060 ribi

386 2097 435 2159 pro
449 2075 497 2135 ilio
507 2074 654 2156 respondeo
668 2074 808 2136 :Nullum
823 2096 885 2135 esse
896 2074 1021 2136 eumdem
1034 2096 1064 2138 et

388 2155 544 2217 diuturnum
558 2172 585 2214 et
593 2152 868 2235 prarotemfrurtum
880 2176 894 2227 ;
914 2153 1062 2217 caelestes-

406 2256 439 2295 ue
454 2233 571 2294 honores
582 2255 636 2293 non
648 2232 713 2294 dore
729 2252 756 2292 re
771 2233 832 2311 regi
844 2233 920 2304 ‚sed
937 2233 1064 2311 auferre.

424 2312 537 2374 terra‘ilo
549 2312 621 2376 enim
632 2333 697 2393 opus
709 2329 769 2380 est,
782 2331 812 2371 ut
822 2312 949 2374 credatur
956 2312 1062 2390 Deus,

386 2389 746 2473 semperqueltancgratiam
755 2392 944 2471 magnisviris
950 2396 1062 2472 posteri

386 2473 515 2539 reddunt,
533 2468 595 2551 Ego
612 2488 701 2530 autem
717 2491 806 2529 seram
824 2471 1062 2537 immortalitatem

382 2573 480 2636 precor
489 2550 549 2630 regi
562 2593 571 2617 ‚
589 2549 686 2610 utuita
697 2547 827 2609 diuturna
837 2551 897 2619 sir,
916 2569 944 2611 et
954 2570 1062 2618 aterna

386 2631 530 2711 majestas.
543 2628 689 2689 Hominem
701 2628 876 2705 consequitur
886 2629 925 2689 ali
944 2634 1037 2693 uando
1050 2677 1061 2706 ,

386 2730 523 2787 nunquam
553 2707 700 2767 comitatur
728 2706 876 2773 diuiniras.
939 2711 1061 2775 erculem

386 2790 465 2851 modo
477 2806 503 2849 et
510 2786 622 2856 Patrem
630 2783 759 2845 Liberum
769 2806 936 2853 consecratae
947 2789 1062 2852 immor-

386 2868 508 2931 talitatis
526 2864 650 2944 exempla
669 2863 819 2939 referebas.
832 2866 970 2929 Credisne
992 2870 1061 2932 iilos

383 2947 467 3016 unius
478 2945 601 3013 conuiuii
613 2943 721 3006 decreto
731 2942 813 3014 Deos
822 2945 949 3027 factos?
970 2947 1063 3015 Prius
1079 2971 1085 2983 ·
