2625 4017
404 566 466 620 aa
588 536 907 619 Q.cunnu

405 662 493 714 sunt,
513 639 611 703 ¹toturn
639 660 711 717 opus
738 638 877 699 bitumine
902 635 1076 720 astringiturt

384 727 483 789 -·P0ns
500 720 647 800 lapideus,
667 718 778 778 flumini
795 719 963 796 impositus,
983 721 1076 799 iungit

405 802 585 870 urbemHic
595 817 707 877 quoque
715 797 789 857 inter
798 798 938 857 mirabilia
946 797 1076 864 Orientis

407 903 495 961 opera
505 898 666 941 numeratus
677 894 718 936 est
729 901 737 940 ε
750 875 854 963 quippe
866 875 1020 954 Euphrates
1034 879 1078 937 al-

400 983 470 1023 ·tum
486 962 589 1030 limum
604 956 702 1025 vehit,
722 976 779 1034 quo
796 956 906 1033 penitus
922 957 957 1016 ad
974 957 1077 1017 funda-

399 1058 503 1114 jmenra
530 1038 666 1119 jacienda
685 1053 806 1117 egesto,
835 1036 884 1095 vix
909 1034 1076 1097 sufficiendo

307 1125 309 1127 ’
403 1122 487 1198 operi
503 1120 618 1179 firmum
632 1118 774 1195 reperiunt
784 1114 889 1175 solum.
902 1117 1004 1177 Arenae
1024 1138 1077 1177 au-

401 1221 466 1260 tem
485 1198 600 1261 subinde
618 1197 790 1263 cumulatae,
815 1209 843 1253 et
860 1194 951 1263 saxis,
976 1196 1078 1272 quibus

399 1300 479 1359 pons
489 1279 638 1340 sustinetur
645 1275 776 1341 adnexae,
787 1292 935 1332 morantur
942 1295 1078 1351 amnem3

401 1359 455 1437 ³qui
472 1353 723 1423 retentusaeacrilts,
743 1350 867 1429 quamsi
884 1353 975 1413 libero
993 1375 1077 1416 cursu

402 1454 537 1504 mearet,
561 1434 689 1509 illiditur.
711 1434 817 1492 Arcem
835 1452 948 1509 quoque
966 1435 1076 1496 ambitu

404 1535 450 1577 xx
474 1515 560 1578 stadia
586 1512 767 1589 complexam
786 1509 882 1573 habet.
902 1532 967 1571 xxx
991 1514 1077 1589 pedes

401 1598 436 1657 ³in
456 1596 573 1657 turrium
592 1593 775 1654 fundamenta
793 1591 911 1659 demissa
931 1611 1019 1658 sunt:
1036 1593 1075 1670 ad

406 1691 488 1746 ¹xxxx
512 1670 838 1733 summummunimenti
850 1669 991 1751 fastigium
1008 1693 1076 1749 per-

404 1751 496 1815 senit.
508 1753 598 1830 Super
608 1769 673 1811 arce
683 1750 831 1833 vulgatum
842 1747 1013 1810 Grecorum
1031 1752 1078 1811 fa-

403 1832 706 1898 bulis-miraculum,
731 1828 852 1908 pensiles
878 1829 953 1889 horti
980 1849 1044 1890 sunt
1066 1854 1078 1907 3

403 1929 549 1994 summam
561 1929 709 1971 murorum
723 1908 900 1970 altitudinem
914 1928 1078 1986 aequantes,

403 1993 616 2068 multarumque
631 1990 764 2056 arborum
782 1989 881 2051 umbra
901 2005 929 2048 et
946 1991 1076 2065 proceris

405 2090 464 2132 tate
481 2072 598 2132 amoeni.
617 2068 694 2134 Saxo
709 2068 797 2146 pilae,
818 2089 878 2145 quae
893 2086 985 2128 totum
1003 2090 1077 2134 onus

403 2152 564 2219 sustinent,
586 2149 726 2208 instructae
743 2166 806 2207 eunt
819 2171 827 2207 ε
842 2168 924 2224 super
939 2149 1010 2225 pilas
1028 2150 1077 2209 la·

403 2231 471 2308 pide
489 2230 624 2307 quadrato
640 2227 734 2287 solum
753 2244 870 2287 stratum
886 2244 947 2296 est,
966 2229 1078 2305 patiens

406 2328 486 2376 terrae
498 2350 507 2379 ‚
525 2328 611 2387 quam
623 2308 712 2367 altam
723 2305 871 2385 injiciunt3
888 2324 916 2366 et
926 2306 1075 2379 humoris,

406 2411 465 2468 qno
480 2390 571 2471 rigant
581 2406 685 2448 terras:
700 2386 828 2462 adeoque
843 2386 949 2448 validas
962 2389 1078 2449 arbores

405 2470 542 2532 sustinent
564 2467 686 2536 moles,
711 2483 742 2525 ut
763 2466 868 2543 stipites
888 2487 985 2527 earum
1006 2486 1076 2529 u111

405 2549 568 2621 ¹cubitorum
579 2545 701 2623 spatium
712 2546 890 2616 crassitudine
901 2564 1030 2625 aequent,
1044 2548 1077 2608 in

405 2650 424 2693 t
440 2628 543 2708 pedum
555 2625 734 2685 altitudinem
752 2625 916 2695 emineant,
940 2644 968 2686 et
983 2626 1078 2708 frugi·

405 2708 471 2770 fera
484 2708 556 2774 sint,
575 2722 605 2764 ut
617 2704 639 2762 si
650 2723 721 2763 terra
734 2724 782 2765 sua
795 2706 946 2768 alerentur.
960 2706 1077 2767 Etcum

406 2804 528 2847 vetustas
540 2801 599 2843 non
608 2803 697 2860 opera
710 2783 803 2842 solum
814 2784 984 2846 manufacta
999 2825 1008 2852 ,
1028 2785 1076 2845 sed

406 2868 493 2928 etiam
513 2866 602 2942 ipsam
623 2882 751 2922 naturam
770 2864 907 2940 paulatim
928 2865 1076 2928 exedendo

405 2948 548 3035 perimam
575 2943 635 3018 haec
651 2942 772 3017 moles,
794 2963 854 3039 quae
877 2962 921 3019 tet
939 2948 1076 3021 erbetum
