2625 4017
293 474 299 491 '
362 534 426 618 ἢςῖ
546 532 921 617 Q.cURT1·1.

360 634 497 717 temporis
508 656 698 714 repressusest
706 637 1049 711 imber3ceterumadeo
1130 665 1131 671 ¹

362 720 455 799 spissa
475 718 620 779 intendere
641 736 672 777 se
691 719 806 785 nubes,
830 732 863 777 ut
885 717 1052 781 conderent

360 801 480 869 lucem,
499 798 604 875 uixque
621 796 852 874 colloquentium
869 795 949 858 inter
970 797 1048 876 ipsos

358 879 447 942 facies
467 875 665 939 noscitaretur.
688 876 846 937 Terruisset
870 875 967 938 aliurn
990 880 1046 938 ob-

360 958 445 1020 ducta
461 978 522 1017 nox
534 959 633 1025 coelo,
652 978 719 1016 curn
732 957 834 1038 ignoto
849 975 945 1017 amne·
959 959 1045 1019 navi·

359 1038 487 1120 gandum
507 1055 603 1105 esset,
624 1036 744 1095 forsitan
762 1035 845 1096 hoste
863 1054 933 1098 earn
950 1037 1044 1114 ipsam
1089 1103 1094 1114 ,

360 1119 476 1197 ripam,
495 1138 581 1194 quam
591 1116 662 1176 coeci
675 1132 759 1193 atque
772 1114 953 1194 improuidi,
967 1136 998 1178 et
1008 1138 1044 1178 ex

356 1197 489 1277 periculo
516 1197 641 1277 gloriam
668 1213 842 1256 accersentes
870 1198 1043 1272 petebant,

360 1295 531 1355 occupante.
543 1274 847 1353 obscuritatemque
859 1275 977 1338 ceteros
988 1295 1044 1338 ter-

359 1361 457 1425 rebat,
470 1377 549 1417 suam
563 1355 746 1415 occasionem
758 1373 850 1423 tatus,
862 1353 933 1415 dato
948 1358 1046 1437 signo,

358 1454 391 1498 ut
414 1456 515 1495 omnes
539 1434 653 1493 silentio
680 1435 864 1494 ascenderent
887 1433 918 1493 in
942 1456 1045 1505 rates,

359 1534 422 1576 eam
433 1535 485 1593 qun
498 1514 557 1593 ipse
568 1511 738 1583 vehebatur,
758 1512 876 1593 primam
891 1513 976 1592 jussit
991 1537 1044 1576 ex-

356 1592 438 1677 pelli.
460 1594 561 1656 Vacua
581 1611 641 1653 erat
663 1596 699 1653 ab
719 1591 845 1653 hostibus
865 1591 930 1671 ripa
947 1634 959 1664 ,
982 1616 1045 1673 quae

359 1676 525 1754 petebatur3
539 1673 641 1752 quippe
651 1671 743 1734 adhuc
751 1669 840 1733 Porus
847 1671 1044 1735 Ptolemaeum

361 1771 473 1816 tanturn
488 1755 657 1813 intuebatur.
674 1754 744 1813 Una
761 1772 831 1832 ergo
846 1754 939 1824 navi,
956 1775 1044 1831 quam·

359 1851 447 1914 petra
473 1831 572 1894 fluctus
594 1833 734 1902 illiserat,
762 1830 913 1902 haerente,
941 1851 1043 1898 cetere

359 1913 484 1975 evadunt
495 1935 505 1984 ς
517 1932 646 1992 armaque
659 1932 759 1992 cupere
771 1909 876 1972 milites
887 1952 899 1982 ,
917 1911 1001 1974 erite
1013 1912 1044 1973 in

362 1990 477 2053 ordines
491 1992 579 2069 jussit.

400 2070 490 2133 err».
502 2070 599 2132 XIV.
618 2072 740 2149 Jamque
760 2090 867 2151 agmen·
882 2069 911 2130 in
932 2092 1043 2134 cornua

362 2150 486 2213 divisum
500 2150 558 2228 ipse
573 2150 692 2211 ducebat
702 2175 710 2211 ε
722 2172 788 2211 cum
798 2149 879 2209 Poro
892 2155 1043 2213 nuntiatur

359 2230 448 2293 arnis
469 2229 590 2307 virisque
613 2229 703 2309 ripam
724 2227 868 2299 obtineri,
898 2247 926 2289 et
950 2251 1043 2292 rerum

359 2308 459 2372 adesse
469 2307 629 2374 discrimen.
638 2310 784 2385 Acprimo
795 2308 914 2369 humani
928 2311 1043 2392 ingenii

357 2390 432 2455 virio
449 2389 509 2466 spei
529 2411 583 2449 suae
597 2391 766 2471 indulgens,
786 2388 926 2449 Abisaren
940 2429 957 2467 ,ι
972 2391 1044 2451 belli

358 2471 493 2538 socium,
519 2474 532 2543 <
554 2470 640 2529 etita
665 2470 865 2540 convenerat)
885 2470 1043 2532 adventare

358 2550 502 2612 credebat.
533 2549 606 2609 Mox
629 2550 781 2627 liquidiore
800 2549 865 2609 luce
890 2552 1042 2626 aperiente

356 2627 496 2696 bostem,
514 2648 530 2687 c
548 2628 717 2709 quadrigas,
737 2645 765 2689 et
781 2648 823 2688 111
838 2629 933 2689 millia
957 2652 974 2691 e
995 2631 1042 2692 ui-

359 2724 423 2770 tum
438 2707 565 2772 venienti
588 2710 698 2789 agmini
712 2708 803 2770 Porus
823 2707 946 2784 objecit.
967 2654 1041 2773 ssux

351 2806 420 2850 ,erat
436 2789 605 2865 copiarum,
622 2811 690 2866 quas
702 2789 856 2865 praernisit,
870 2786 974 2869 Hages
984 2791 1045 2852 fta-

356 2867 494 2944 teripsius
504 2891 512 2926 :
524 2890 635 2929 summa
644 2869 749 2929 virium
757 2867 787 2927 in
798 2867 938 2930 curribus.
949 2870 1045 2934 Senos

357 2946 436 3016 ‚vitos
457 2947 561 3030 singuli
582 2947 746 3023 vellebant,
768 2947 839 3013 duos
862 2948 1019 3029 clypeatos
1032 2994 1046 3022 ,

972 3051 1049 3118 duos
