2625 4017
474 542 670 608 tinen
705 531 832 609 vrri.
929 543 989 624 45,

313 650 387 716 duos
403 647 567 732 sagittarios
580 648 615 708 ab
627 661 749 724 utroque
760 646 849 707 latere
868 643 990 727 disposi-

315 735 384 806 los3
402 729 490 791 ceteri
506 729 607 808 aurigae
620 746 723 794 erant,
745 726 819 787 haud
832 746 898 787 sane
915 730 994 788 iner-'

315 810 508 887 mes,quippe
520 807 613 887 jacula
624 808 790 883 complura,
799 808 847 866 ubi
859 808 992 869 cominus

317 890 502 972 praeliandum
512 886 705 954 erat,omissis
714 883 831 945 habenis
839 886 869 945 in
878 884 991 948 hostem

317 971 496 1052 ingerebant.
520 967 657 1026 Ceterum
674 966 724 1025 vix
740 966 815 1025 ullus
828 987 893 1026 usus
908 965 994 1043 hujus

318 1049 420 1112 auxilii
431 1068 467 1109 eo
479 1048 523 1107 die
537 1046 600 1106 fuit.
614 1045 770 1121 Namque,
791 1063 823 1104 ut
834 1065 915 1122 supra
929 1047 993 1107 dic·

318 1148 382 1192 turn
397 1145 458 1196 est,
473 1128 565 1186 imber
575 1124 727 1186 violentius
739 1145 826 1201 quam
838 1126 907 1185 alias
916 1125 997 1187 fusus

320 1227 440 1286 campos
460 1206 583 1267 lubricos
602 1221 631 1263 et
651 1204 846 1280 inequitabiles
864 1204 993 1265 fecerat:

320 1305 506 1370 grauesque,
533 1302 562 1344 et
589 1282 798 1360 propemodum
829 1284 996 1345 immobiles

321 1389 419 1429 currus
448 1365 547 1425 illuvie
576 1381 605 1422 et
635 1363 818 1443 voraginibus
841 1362 993 1425 haerebant.

323 1446 434 1507 Contra
445 1442 607 1504 Alexander
620 1444 754 1517 expedito
765 1462 799 1502 ac
810 1444 867 1504 levi
878 1440 1003 1525 agmine‘

322 1543 436 1587 strenue
446 1525 572 1584 invectus
584 1539 635 1582 est.
649 1519 758 1596 Scythae
769 1539 797 1580 et
808 1520 897 1582 Dahae
908 1524 995 1600 primi

323 1605 456 1666 omnium
468 1604 595 1662 invasere
605 1600 690 1659 Indos
706 1623 714 1658 ε
731 1600 883 1661 Perdiccan
895 1604 995 1664 deinde

324 1705 392 1745 cum
411 1683 548 1761 equitibus
568 1681 595 1737 in
610 1679 741 1738 dextrum
760 1700 849 1738 cornu
870 1679 995 1752 hostium

324 1763 429 1825 emisit.
451 1762 517 1826 Jam
534 1760 657 1835 undique
675 1764 769 1839 pugna
787 1777 816 1829 se
834 1778 995 1841 moveram

324 1864 393 1904 eum
403 1842 446 1909 ii,
464 1840 513 1918 qui
522 1840 764 1917 currus'age'bant,
778 1838 850 1897 illud
860 1838 995 1901 ultimum

324 1921 466 1986 auxilium
483 1939 599 1987 suorum
615 1919 690 1991 rati,
716 1917 808 1981 effusis
829 1915 955 1998 habenis·
965 1921 1004 1994 in,

325 2001 453 2061 inedium
463 1998 613 2072 discrimen
623 2016 703 2058 ruere
716 2007 872 2075 coeperunt.¹
880 2001 1002 2077 Anceps-

294 2086 299 2095 '
325 2079 355 2142 id
373 2080 482 2141 malum
499 2077 621 2153 utrisque
638 2091 715 2144 erate
730 2085 844 2136 namet
856 2079 999 2138 Macedo·

325 2165 397 2220 num
417 2158 521 2235 pedites
538 2156 633 2232 primo
650 2157 757 2231 impetu
777 2157 996 2227 obterebanturr

328 2258 358 2299 et
374 2257 424 2314 per
440 2235 547 2308 lubrica
565 2251 648 2309 atque
666 2234 743 2305 i'nvia
763 2235 881 2293 immissi
901 2255 998 2298 currus

328 2316 509 2379 excutiebant
537 2333 614 2381 eos,
645 2334 662 2370 a
689 2313 790 2389 quibus
818 2315 1001 2396 regebantur.

327 2396 465 2457 Aliorum
491 2390 593 2463 turbati
618 2391 689 2468 equi·
708 2411 767 2454 non
791 2392 820 2450 in
848 2395 1005 2473 voragines·

329 2475 421 2540 modo
435 2474 635 2551 lamnasque,
658 2469 812 2531 sedetiam
832 2472 860 2529 in
882 2481 1006 2535 amneru'

328 2554 537 2635 praecipitavere
554 2550 704 2610 curricula.
719 2550 806 2611 Pauci
821 2566 918 2611 tamen
931 2551 1007 2613 lios⁰

330 2635 405 2707 t'ium
425 2651 505 2701 tenus
526 2629 618 2700 exacti
637 2646 820 2707 penetravere
840 2632 880 2689 ad·
893 2630 1000 2694 Porum

329 2712 468 2774 acerrime
483 2730 608 2791 pugnam
625 2711 759 2786 cientem
772 2710 797 2769 ls
809 2726 841 2769 ut
854 2710 1015 2789 dissipatos.

331 2810 392 2854 tota
402 2791 463 2851 acie
471 2810 566 2850 currus
575 2790 670 2868 vagari
682 2791 741 2848 sine
748 2789 902 2850 rectoribus
912 2791 1000 2864 uidir3

354 2871 471 2931 roximis
490 2869 650 2928 amicorum
671 2870 807 2929 distribuit
824 2869 1001 2946 elephantos.

331 2893 402 3016 iost
423 2970 474 3013 eos
500 2966 632 3032 posuerat
658 2948 765 3027 pedites
789 2969 823 3010 ac
837 2949 1010 3040 sagittarios

835 3045 906 3136 Qu
