2625 4017
400 556 460 631 '336
579 544 635 625 Ω.Ι
663 545 906 609 CURTII

400 644 553 708 Admonuit
567 666 609 705 me
623 646 712 728 porris
727 645 781 707 mei
797 643 921 713 mentio,
940 657 1023 723 quarn
1036 644 1077 706 ti*

401 722 475 786 rnide
487 742 514 784 et
529 742 706 796 constanter,
726 746 786 805 qua
801 722 952 785 Cebalinus
967 724 1075 785 detule-

400 818 444 864 rat
466 799 583 872 adme,
607 804 734 865 indicare
753 801 901 864 debuerim.
924 799 1073 864 Parmenio

402 879 477 941 enim
487 921 498 949 ,
516 902 576 942 cum
590 882 716 943 audisset
726 924 737 952 ,
756 901 889 943 uenenum
906 901 924 940 a
944 878 1022 941 Phili
1038 902 1072 961 po

402 957 508 1026 medico
530 960 590 1039 regi
610 962 726 1043 parari,
748 959 883 1021 deterrere
904 979 966 1019 eum
986 902 1072 1020 uoduit

401 1035 521 1118 epistola
532 1038 657 1119 scripta,
676 1060 726 1118 quo
741 1039 832 1099 minus
845 1035 1073 1099 medicamentum

400 1115 532 1188 biberet,
557 1117 625 1194 quod
647 1118 770 1178 medicus
792 1116 857 1177 dare
880 1116 1073 1180 constituerat.

401 1192 481 1258 Num
497 1194 633 1257 creditum
652 1214 695 1257 est
711 1196 783 1275 patri
801 1196 886 1255 meo?
906 1211 972 1255 num
987 1194 1072 1255 ullam

402 1275 595 1345 auctoritatem
618 1277 677 1354 ejus
698 1274 786 1335 litera
810 1272 987 1334 habuerunt?
1011 1270 1073 1353 Ego

401 1351 490 1489 isse,
510 1352 616 1432 quoties
636 1375 694 1432 qua
716 1352 856 1414 audieram
876 1350 987 1421 detuli,
1013 1372 1072 1419 cum

415 1428 523 1491 udibrio
533 1430 705 1493 credulitatis
716 1431 838 1513 repulsus
847 1451 918 1491 sum.
930 1427 964 1491 Si
974 1446 1072 1493 etcum

403 1505 579 1584 indicamus,
599 1510 709 1583 inuisi,·
727 1529 754 1570 et
770 1532 830 1571 cum
845 1528 988 1578 tacemus,
1007 1529 1073 1569 sus-

401 1586 477 1667 pecti
488 1581 600 1661 sumus,·
611 1589 675 1668 quid
679 1588 776 1666 facere
785 1610 835 1649 nos
844 1590 970 1669 oportet?
981 1586 1074 1649 Cum·

404 1687 460 1745 que
479 1689 551 1730 unus
574 1689 591 1729 e
608 1670 849 1730 circumstantium
872 1669 953 1729 turba
973 1669 1073 1728 excla-

404 1744 1073 1820 massot,denemeritisnoninsidiari.Philotas,

405 1820 513 1894 Recte,
528 1825 638 1903 inquit,
656 1825 780 1905 quisquis
803 1845 854 1895 es,
872 1824 957 1887 dicis.
976 1822 1073 1904 Itaque

402 1900 432 1961 si
450 1900 600 1965 insidiatus
617 1925 701 1974 sum,
718 1925 826 1997 panum
843 1925 898 1966 non
914 1901 1073 1982 deprecort

406 1977 1073 2062 etfinemfaciodicends,quon'iamuitimauerba

402 2058 504 2138 grauia
513 2079 577 2122 sunt
592 2063 654 2123 uisa
665 2063 775 2123 auribus
785 2062 900 2123 uestris.
915 2062 1075 2124 Abducitur

405 2138 506 2200 deinde
516 2144 551 2201 ab
562 2141 613 2210 iis,
630 2144 677 2219 qui
688 2142 881 2203 custodiebant
890 2162 969 2204 eum.

445 2216 522 2282 Cse.
532 2219 588 2283 XI.
597 2220 665 2282 Erat
674 2223 746 2281 intes
754 2221 839 2283 duces
848 2241 935 2282 manu
944 2238 1073 2282 strenuus

405 2295 498 2359 Belou
514 2300 648 2376 quidam,
669 2302 743 2377 pacis
754 2301 895 2361 artiumet
905 2299 996 2359 civilis
1014 2298 1071 2359 ha·

406 2375 480 2438 bitus
489 2379 582 2448 rudis,
600 2397 679 2441 vetus
690 2380 770 2439 miles
782 2402 792 2453 ς
809 2383 844 2439 ab
860 2378 962 2439 humili
973 2379 1074 2439 ordine

404 2454 443 2519 ad
459 2477 526 2519 eum
541 2459 682 2540 gradum,
699 2459 728 2518 in
743 2479 802 2536 quo
816 2476 883 2519 tunc
893 2467 981 2525 erat,
1000 2478 1072 2536 pro·

406 2554 520 2596 motus:
532 2538 581 2613 qui
596 2539 751 2598 tacentibus
764 2539 882 2605 ceteris,
899 2536 1001 2597 stolida
1015 2537 1071 2596 au·

405 2611 487 2675 dacia
501 2614 602 2685 ferox,
621 2617 774 2677 admonere
785 2637 834 2677 eos
845 2616 951 2692 coepit3
965 2614 1074 2691 quoties

404 2690 519 2770 quisque
528 2692 710 2765 diversoriis,
729 2715 787 2773 quoe
801 2709 997 2773 occupassent,
1011 2712 1076 2772 pro-

407 2769 531 2831 turbatus
557 2790 658 2844 esset,
681 2791 710 2833 ut
734 2789 914 2854 purgamenta
933 2791 1075 2833 seruorum

405 2842 526 2910 Philota
537 2851 718 2932 reciperentur
728 2872 780 2922 eo,
794 2852 864 2913 unde
874 2848 1077 2911 commilitones

406 2926 571 3012 expulisset.
588 2930 663 2996 Auo
685 2949 848 3013 argentoque
868 2928 997 3015 vehicula
1014 2929 1078 3007 ejus

980 3042 1084 3091 Onusta
