2625 4017
421 568 451 623 38
520 564 547 617 J.
581 567 768 618 FREINSH.
803 567 998 620 SUPPLEM.

419 653 509 710 ludos,
527 651 567 717 qui
586 653 740 718 superiorum
759 652 853 704 dicrum
871 658 1011 718 epectacula
1029 656 1096 711 luxu

417 738 444 771 et
453 720 631 786 magnificentia
647 722 724 786 longe
736 720 872 784 superaturi
883 723 1036 775 ‹licebrntun
1051 730 1095 774 lu-

418 804 457 839 ter
472 789 519 837 alia
536 787 621 851 quibus
639 787 735 839 divitiis
750 788 855 838 illudere
870 792 952 839 solent
976 791 1094 855 opulenti

417 869 487 920 reges
497 891 505 912 ‚
523 869 548 904 et
556 858 659 905 fortune
668 872 714 905 sue
723 855 916 921 magnitudinem
926 872 976 905 non
985 858 1092 921 capien-

390 969 394 975 ,
417 937 471 979 tes,
491 921 622 974 duodecim
638 924 748 972 Deorum
769 923 863 988 effigies
883 923 1041 982 eminebant,
1062 925 1092 977 in

416 989 503 1055 quibus
513 989 630 1039 artificum
640 989 765 1058 indusqria
779 1007 832 1039 cum
848 990 953 1040 materiae
965 991 1091 1057 dignitate

416 1070 562 1107 certaverat.
581 1056 762 1106 'tertiadecima
775 1056 884 1121 Philippi
897 1058 985 1107 thensa
999 1076 1090 1110 acces·

415 1139 497 1176 strata
516 1125 583 1174 nulla
597 1123 623 1173 in
638 1140 665 1174 re
679 1123 765 1173 ceteris
782 1122 868 1175 vilior.
883 1126 911 1173 ld
924 1126 1090 1178 mortalitatis

414 1190 541 1242 fastidium
556 1206 650 1240 matura
659 1191 723 1241 ultio
733 1206 866 1240 consecuta
875 1206 912 1240 est
921 1210 928 1241 :
938 1208 964 1242 et
972 1210 1088 1245 successu

414 1276 496 1309 rerum
511 1258 702 1308 insolescentem
717 1295 725 1317 ,
748 1274 821 1322 seque
829 1257 887 1307 Diis
902 1258 1089 1313 immortalibus

413 1341 546 1391 aequantem
556 1362 563 1385 ,
574 1324 713 1389 priusquam
722 1321 834 1374 indebito
844 1326 938 1376 honore
946 1331 1087 1389 frueretur,

412 1397 490 1443 fatum
501 1391 644 1455 occupavit.
658 1392 786 1442 Pausanias
799 1393 921 1443 theatrum
932 1392 1023 1445 intrare
1037 1414 1087 1447 vo.

412 1460 505 1509 lentem
521 1461 693 1509 observaverat
710 1477 717 1511 z
737 1475 810 1523 utque
827 1459 955 1524 promissis
971 1461 1059 1513 amicis
1076 1500 1086 1523 ,

413 1526 454 1591 qui
468 1543 523 1578 eum
535 1527 700 1586 deduxerant,
719 1525 860 1591 relictisque
873 1544 888 1576 a
901 1543 974 1594 tergo
989 1530 1086 1581 satelli-

411 1594 477 1653 tibus
492 1599 570 1654 (narn
585 1592 690 1643 intanta
706 1592 815 1643 omnium
829 1594 1003 1645 benevolentia
1018 1596 1085 1648 nihil

410 1660 443 1722 iis
457 1678 519 1724 epus
528 1677 579 1711 esse
592 1662 694 1711 volebat
702 1662 857 1723 ostendere)
871 1663 937 1712 solus
952 1662 1084 1729 ingredie-

411 1730 500 1782 baturt
517 1745 647 1792 percussor
661 1727 811 1792 improvisus
826 1728 928 1787 adsilit,
941 1730 1083 1796 gladioque

408 1795 557 1855 barbarico,
573 1800 644 1860 quem
658 1797 703 1845 sub
717 1809 786 1845 veste
794 1795 925 1853 habuerat,
943 1798 1082 1849 latusnihil

409 1864 461 1913 tale
478 1863 628 1928 ervpeecantis
644 1861 735 1914 haurit.
759 1861 808 1912 Hic
825 1862 874 1917 fuit
886 1862 964 1914 exitus
977 1865 1080 1916 maximi

408 1928 486 1981 utens
501 1947 547 1979 sua
564 1947 657 2008 regum.
677 1930 827 1979 hlacedoniae
840 1946 942 1996 regnum
962 1949 1079 1999 magnum

408 2015 439 2048 eu
448 1997 516 2061 inopi
529 1998 686 2048 reddiderat:
697 1996 875 2058 circumiectam
885 1999 1021 2050 barbariem
1031 2002 1079 2051 do-

408 2081 522 2125 aruerat,
539 2066 638 2115 Graeciae
650 2064 801 2128 imposuerat
814 2065 897 2131 jugum
909 2083 919 2117 c
932 2080 985 2116 tum
1001 2067 1077 2119 etiam

407 2131 509 2183 Persico
522 2133 626 2198 irnperio
636 2132 788 2181 imminebat.
797 2134 853 2181 Jarn
867 2132 956 2183 aurssia
970 2135 1078 2186 Graeco-

407 2217 461 2260 rum
478 2201 597 2259 coibantt
614 2202 662 2261 iarn
680 2199 706 2247 in
721 2198 805 2250 Asiam
819 2200 995 2261 transjecerant
1012 2219 1077 2267 pre·

405 2266 473 2319 missi
486 2269 517 2317 ab
530 2285 560 2317 eo
575 2269 666 2323 ductet
687 2283 741 2316 cum
756 2266 847 2331 inipso
863 2284 943 2317 rerum
957 2272 1077 2333 gerenda·

404 2352 458 2387 num
468 2334 587 2391 articulo,
597 2332 718 2397 prolixum
727 2333 838 2383 victoriae
844 2337 952 2384 fructum
961 2334 1008 2385 sibi
1017 2340 1075 2400 pol·

404 2403 520 2453 licentem
533 2401 585 2452 vita
595 2400 718 2453 destituit.
727 2405 765 2450 lta
774 2400 877 2451 maxima
886 2418 982 2467 quaque
996 2402 1023 2453 in
1034 2406 1075 2455 lu-

404 2470 475 2521 brico
485 2485 541 2520 sunt
551 2486 558 2526 3
572 2484 597 2519 et
606 2466 775 2519 audacissimus
790 2484 844 2533 spes
854 2469 979 2519 hominum
988 2471 1074 2535 quili-

403 2538 446 2589 bet
455 2554 483 2587 ex
492 2536 625 2601 improviso
634 2554 701 2586 casus
708 2534 797 2586 eludit.
806 2534 934 2603 Olympias
943 2553 1074 2602 comperta

401 2621 483 2657 morte
492 2605 722 2671 regisCleopatram
730 2603 812 2665 Attali
825 2620 911 2653 sorore
918 2603 1029 2669 genitam
1040 2607 1072 2657 ad

399 2673 557 2737 suspendium
571 2672 671 2737 adegic3
686 2686 769 2721 natum
778 2686 807 2720 eu
816 2687 843 2721 ea
856 2670 939 2735 paucis
953 2688 1010 2722 ante
1024 2690 1072 2737 pa-

399 2740 445 2790 tris
455 2756 539 2789 necem
554 2738 639 2788 diebus
654 2754 756 2803 puerum
765 2736 791 2785 in
805 2755 867 2788 enea
875 2737 944 2801 pelvi
954 2739 1070 2791 torruit:

399 2804 426 2857 in
445 2806 546 2857 clientes
563 2804 636 2856 etiarn
655 2805 858 2871 propinquosque
874 2807 926 2864 cius
942 2806 1071 2859 atrocibus

397 2872 527 2938 suppliciis
539 2871 633 2930 saviit,
651 2888 677 2922 et
690 2872 819 2922 occasione
832 2872 946 2923 vindicta
960 2890 1004 2937 per
1014 2884 1086 2925 auus

396 2941 501 2992 liebrem
510 2939 681 3004 impotentiam
696 2940 863 2990 crudelissime
875 2957 916 2989 usa
926 2956 973 2991 est·

431 3011 502 3060 che.
513 3011 544 3062 X.
559 3008 606 3059 Sed
618 3007 778 3068 Alexander,
795 3023 839 3072 per
851 3008 920 3071 cujus
931 3007 1069 3063 absenthm
