2625 4017
313 552 374 632 '488
495 553 540 635 Ως
579 552 605 615 C
623 553 657 616 U
677 552 704 615 R
725 554 755 615 T
774 554 823 615 11

316 672 402 736 caput
417 676 518 733 parum
533 675 673 733 prosperae
687 651 843 715 curationis
858 652 1004 719 recideret

317 754 445 804 eventus.
455 734 674 812 Lacrymantem
684 756 750 794 eum
760 756 792 793 ac
803 752 1002 807 metuentem,

317 834 346 877 et
368 815 558 876 sollicitudine
579 814 789 891 propemodum
813 829 999 896 exsanguem

315 916 369 956 rex
390 909 585 971 conspexerat.
617 889 722 972 Quid,
746 891 865 969 inquit,
890 892 1000 972 quodue

316 994 423 1055 tempus
436 991 603 1052 exspectas,
621 991 648 1031 et
662 991 715 1031 non
727 970 932 1060 quamprimum
949 972 999 1033 hoe

316 1051 410 1112 dolore
431 1071 478 1111 me
494 1050 594 1111 saltem
616 1050 772 1110 moriturum
792 1048 928 1111 llberos?
952 1050 998 1111 An

317 1131 400 1192 times
417 1150 452 1190 ue
469 1151 531 1190 reus
548 1128 614 1197 sis,
635 1150 695 1189 cum
712 1128 870 1189 insanabile
896 1128 997 1191 vulnus

316 1207 472 1290 acceperim
484 1209 558 1270 ?⁴At
574 1206 738 1269 Critobulus
756 1210 874 1268 tandem
892 1211 944 1270 vel
962 1208 997 1268 fi-

316 1293 403 1357 nito,
430 1290 478 1351 vel
499 1287 677 1350 dissimulato
697 1305 775 1347 metu
795 1287 909 1348 hortari
930 1309 996 1349 eum

313 1369 427 1447 coepit,
443 1370 522 1427 urse
539 1366 732 1427 continendum
744 1364 906 1447 praeberet,
932 1366 996 1427 dum

317 1443 455 1527 spiculum
477 1444 605 1506 evelleret
626 1474 635 1507 .·
659 1445 743 1505 etium
762 1443 850 1506 leuem
871 1446 997 1527 corporis

316 1543 420 1586 motum
439 1523 552 1585 noxium
564 1522 638 1598 fore.
664 1525 727 1585 Rex
744 1546 811 1586 cum
829 1523 999 1587 affirmasset

317 1602 391 1666 nihil
403 1624 468 1684 opus
484 1624 545 1668 arse
559 1602 596 1663 iis
610 1647 621 1674 ,
641 1603 687 1682 qui
698 1621 784 1663 semet
796 1604 1000 1675 continerent}

318 1686 393 1745 sicut
411 1701 581 1761 preceptum
599 1701 682 1752 erat,
704 1684 763 1743 sine
779 1700 863 1744 motu
877 1684 999 1760 praebuit

289 1768 297 1786 ⁸
317 1785 432 1841 corpus.
450 1763 538 1843 Igitur
549 1764 691 1840 patefacto
706 1763 790 1823 latirus
806 1764 951 1832 vulnere,
971 1780 1001 1825 et

316 1844 429 1920 spiculo
449 1844 570 1911 evulso,
591 1844 689 1923 ingens
707 1842 750 1903 vis
767 1842 913 1922 sanguinis
928 1864 994 1901 ma-

318 1941 388 1982 nare
406 1920 513 1999 coepir;
533 1921 678 1999 linquique
691 1922 794 1983 animo
813 1942 885 1990 rex,
905 1941 935 1981 et
951 1944 1000 1983 ca-

317 2000 408 2081 ligine
421 2000 512 2061 oculis
524 1999 630 2070 offusa,
645 2001 733 2061 veluti
744 2000 932 2061 moribundus
943 2022 999 2061 ex·

316 2080 408 2141 tendi.
424 2080 564 2157 'Cumque
582 2079 753 2157 profluvium
777 2080 1001 2141 medicamentis

317 2162 419 2222 frustra
447 2159 627 2233 inhiberent3
656 2161 768 2219 clamor
795 2160 879 2222 simul
911 2178 998 2238 atque

317 2241 445 2319 ploratus
455 2240 614 2299 amicorum
626 2239 733 2307 oritur,
745 2258 842 2318 regem
853 2240 1000 2313 expirasse

316 2318 504 2379 credentium.
533 2318 665 2378 Tandem
693 2319 819 2378 constitit
847 2320 1001 2399 sanguis,

318 2397 512 2476 paulatimque
529 2398 658 2457 animum
676 2399 781 2474 recepit
793 2437 803 2466 ‚
814 2408 852 2457 'et
869 2398 1003 2459 circum-

298 2494 422 2563 ‘stantes
442 2476 528 2553 coepit
546 2497 710 2557 agnoscere.
735 2478 818 2537 Toto
836 2498 875 2538 eo
892 2478 942 2538 die
963 2499 1005 2551 ac*

317 2572 424 2623 nocte,
448 2578 507 2633 quae
520 2573 613 2616 secuta
629 2574 694 2624 est,
715 2573 837 2616 arnustus
853 2557 1003 2619 exercitus

318 2635 427 2713 regiam
456 2634 589 2704 obsedit,
618 2636 760 2696 confessus
786 2656 885 2695 omnes
913 2638 1008 2706 unius

317 2714 414 2791 spiritu
424 2712 532 2775 vivere.
543 2714 606 2775 Nec
615 2717 690 2791 prius
700 2735 891 2781 recesserunt,
907 2738 1003 2791 quam

318 2811 497 2869 compertum
514 2811 570 2861 est,
590 2816 693 2854 somno
707 2795 848 2871 paulisper
863 2796 1003 2871 acquies-

318 2891 394 2935 cere.
413 2871 491 2931 Hinc
510 2872 660 2935 certiorem
675 2895 755 2954 spem
769 2872 865 2937 salutis
881 2874 949 2954 ejus
959 2874 1009 2955 ,io

318 2952 588 3020 castraretuleruurt·
