2625 4017
315 626 330 667 s
359 587 361 591 ’
414 614 441 667 J.
476 616 664 668 ruerusrr.
698 614 885 667 sulutem

313 703 389 756 facile
402 701 558 768 interpretati
574 715 639 752 sunt.
655 704 754 755 Terram
769 720 855 769 quoque
869 718 921 754 rum
935 720 989 754 mo·

313 773 394 828 visse,
409 787 565 839 magnamque
574 771 737 822 ronirnrorum
741 772 921 836 fulmineumque
930 773 984 821 vim

316 840 420 907 erupisse
432 842 506 896 coelo,
522 851 635 887 auctores
646 837 736 887 habeo.
746 840 826 887 Natus
841 851 877 886 est
884 853 967 887 autem
977 872 985 895 ,

316 921 345 956 ut
357 903 522 955 accuratiores
537 906 659 963 tradunt,
684 904 818 968 incipiente
835 904 986 969 Olympiade

314 987 459 1035 sextasupra
469 970 623 1022 centesimam
633 1007 640 1030 ,
655 987 758 1035 pretore
767 970 874 1022 Athenis
881 970 985 1035 Elpine,

315 1056 339 1091 a.
350 1039 382 1105 d.
397 1041 470 1089 llll.
484 1039 535 1089 kal.
551 1039 636 1089 Sextii.
649 1056 721 1103 quem
737 1054 788 1089 turn
805 1054 913 1089 mensem
928 1042 987 1088 Ms-

313 1107 423 1156 cedones
440 1107 513 1158 boum
529 1106 653 1156 vocabant
666 1124 673 1157 t
687 1124 735 1171 quo
751 1120 864 1170 tempore
877 1107 986 1170 populus

314 1175 443 1225 Romanus
452 1172 716 1238 quadringentesimum
730 1178 783 1223 fere
793 1190 880 1223 annum
895 1190 968 1238 agens
978 1209 985 1234 ,

314 1239 456 1296 vicinorum
464 1238 538 1289 bellis
547 1237 720 1299 exercebatur,
737 1256 762 1291 et
773 1242 925 1306 subjugando
935 1255 987 1294 tet-

314 1324 396 1360 rarum
411 1304 466 1356 orbi
484 1306 635 1371 quotidianis
652 1307 809 1357 incrementis
825 1308 987 1371 praeludebat.

325 1395 329 1404 ·
350 1378 431 1426 Cnr.
450 1377 490 1423 11.
506 1374 544 1421 At
559 1373 687 1438 Philippus
701 1390 786 1425 auctus
802 1375 870 1433 filio,
890 1374 921 1423 de
935 1392 986 1439 quo

313 1457 419 1506 propter
433 1439 516 1489 oblata
525 1455 566 1490 tot
574 1440 656 1490 omina
666 1458 733 1506 spem
744 1441 916 1507 amplissimam
925 1457 987 1491 con·

315 1524 432 1573 ceperat,
458 1506 483 1555 in
499 1507 671 1558 educationem
690 1526 820 1574 curamque
834 1511 884 1573 ejus
900 1524 986 1561 omnes

314 1573 482 1646 cogitationes
501 1576 637 1627 convertit.
663 1575 762 1640 Quippe
783 1576 823 1627 vir
839 1578 944 1641 prudeus
960 1592 987 1629 et

313 1660 396 1693 emaus
406 1641 506 1706 patrie,
523 1641 586 1692 nihil
598 1642 771 1693 molitionibus
781 1642 829 1694 suis
844 1642 986 1709 profectum

314 1709 390 1761 facile
398 1709 531 1768 sentiebat,
550 1709 570 1758 si
586 1711 656 1761 rebus
671 1710 777 1775 undique
793 1713 882 1772 motis,
901 1711 987 1761 homi-

314 1794 372 1828 nem
388 1776 530 1841 imperitum
545 1793 587 1828 aut
602 1794 701 1844 segnem
717 1779 866 1829 Macedonis
887 1794 944 1844 post
961 1796 988 1831 se

315 1844 465 1909 relinqueret
475 1861 556 1895 :suam
572 1863 669 1910 quoque
682 1846 789 1912 gloriam
806 1847 870 1897 haud
887 1847 994 1898 durabi-·

315 1914 368 1962 lem
377 1918 498 1970 futuram,
513 1912 533 1961 si
545 1913 704 1963 maximarum
718 1930 799 1964 rerum
809 1913 987 1973 instrumenta,

315 1996 369 2047 que
383 1995 451 2030 tanta
466 1980 719 2045 industria‘parabat,
733 1982 881 2033 successoris
896 1981 988 2033 inertia

314 2046 478 2112 corrupisset.
493 2050 618 2113 Leguntur
631 2048 697 2099 inter
711 2048 829 2112 epistolas
845 2052 895 2114 ejus
910 2086 917 2108 ‚
939 2067 987 2101 ve·

315 2113 419 2166 nustatis
428 2129 454 2164 et
462 2115 595 2179 prudentie
604 2117 704 2180 plenas,
719 2116 794 2167 litere
804 2154 811 2177 ‚
825 2135 884 2182 quas
893 2132 946 2168 tum
956 2119 987 2168 ad

313 2180 507 2239 ¹Aristotelem,
532 2182 574 2248 qui
598 2201 652 2233 eum
675 2184 779 2234 Platone
804 2185 987 2245 exercebatur,

315 2251 429 2302 Athenas
446 2248 536 2307 misit,
559 2249 585 2299 in
603 2250 667 2300 hunc
687 2255 739 2301 fere
761 2254 862 2303 modum
879 2252 995 2317 scriptaee

315 2319 443 2385 Philippus
457 2316 588 2369 Aristoteli
608 2321 712 2371 salutem
727 2320 797 2371 elicit.
815 2322 946 2372 Certiorem
963 2336 988 2371 te

312 2385 382 2451 facio
391 2419 399 2442 ,
408 2384 492 2449 filium
501 2385 560 2436 milri
566 2387 676 2453 genitum
689 2403 744 2438 esse.
755 2388 807 2439 Nec
818 2389 916 2455 perinde
925 2387 986 2438 Diis

314 2453 426 2522 gro-tiam
441 2452 535 2510 liabeo,
556 2455 617 2518 quod
633 2455 729 2504 omnino
748 2465 821 2506 nesus
838 2470 893 2517 est,·
914 2471 986 2520 quam

315 2521 378 2587 quod
386 2535 408 2572 te
414 2520 593 2582 florenrenasei
602 2521 673 2572 illum
688 2524 809 2591 contigit,
820 2540 835 2571 a
849 2540 892 2589 quo
901 2525 987 2574 educa·

317 2603 372 2637 rum
388 2588 588 2654 institutumque,
611 2604 680 2654 neque
695 2586 762 2638 nolis
778 2590 904 2657 indignum
918 2606 987 2657 spero

316 2670 462 2712 evasurum,
480 2672 550 2721 neque
558 2655 701 2706 successioni
710 2669 835 2707 emtarum
845 2673 926 2708 rerum
942 2658 989 2705 im·

315 2737 408 2788 parem.
418 2722 502 2772 Satius
511 2722 573 2772 enim
582 2722 693 2772 existimo
707 2738 788 2776 carere
797 2723 896 2783 liberis,
915 2740 986 2791 quum

256 2792 259 2795 ’
316 2788 443 2855 opprobria
458 2793 576 2853 majorum
591 2792 840 2847 summouentem,
856 2792 881 2840 in
890 2808 986 2861 poenum

315 2856 436 2923 genuisse.
451 2855 538 2919 Neque
548 2854 638 2905 fefellit
647 2872 703 2905 eum
711 2855 797 2921 opinio
809 2875 815 2908 ι
826 2856 916 2922 quippe
925 2874 986 2923 puer

317 2920 455 2971 Aristotele
469 2920 631 2974 doctore'diu
647 2939 721 2981 usus,
741 2925 771 2973 ad
786 2940 823 2974 res
837 2924 863 2974 in
873 2941 900 2974 ee
914 2940 987 2975 etate

316 2987 437 3105 {ireneias
446 2987 541 3057 insigne
555 2988 693 3053 presidium
704 2990 751 3041 sibi
760 2991 928 3056 comparauit.¹
939 2993 994 3042 Sed

356 3071 368 3106 c
386 3071 474 3121 postes
490 3056 631 3110 occiduunt
637 3075 645 3121 3
662 3056 759 3110 interint
779 3058 910 3111 constituti
928 3073 987 3111 sunt
