2625 4017
320 462 372 514 tta
408 461 443 524 Q.
477 459 688 513 CUKTIUM
737 461 770 519 1..
801 465 827 519 1.
899 479 933 526 85

244 549 283 603 rei
294 550 428 619 gaudens,
444 564 553 599 ceterum
566 546 708 610 sollicitus,
726 566 756 602 ne
765 569 811 603 tuo
825 553 929 608 arbitrio

245 618 385 685 permissus
409 615 575 666 adolescentis
600 616 694 667 animus
719 619 812 681 majora
834 620 930 675 viribus

246 704 304 738 tum
323 683 405 738 exitio
423 698 580 749 capesseret;
601 684 719 735 evocavit
734 704 814 747 eum,
838 704 883 749 nt,
902 707 929 742 oe

245 754 392 822 magistro,
412 754 526 802 ardorem
543 751 676 815 prudentia
692 768 827 818 temperare
844 757 928 807 disee-

247 838 303 873 ret:
315 838 344 873 et
360 820 387 869 in
397 817 540 886 subigendis
550 818 714 870 Chersonnesi
729 821 843 886 oppidis,
862 840 928 876 stre.

247 903 452 954 nuapromtaqne
465 903 541 953 opera
550 887 602 946 ejus
613 906 668 938 usus
678 902 723 939 est.
741 892 855 941 Ceterum
870 910 926 945 eum

248 959 279 1007 ad
288 954 454 1023 Byzantium,
464 953 572 1005 validam
582 955 663 1005 urbem
674 990 681 1013 ‚
693 955 793 1006 hereret
802 958 901 1009 obsidio
916 998 925 1020 ,

248 1024 349 1073 civibus
358 1021 462 1088 egregie
470 1039 517 1085 pro
525 1020 643 1072 libertate
651 1022 832 1089 pugnantibua3
851 1028 926 1092 iisque

250 1092 336 1143 Graeci
354 1089 524 1155 barbarique,
546 1089 630 1155 quibus
653 1090 800 1145 incremento
823 1094 928 1170 Philippi

244 1173 360 1225 ⁴inspectu
375 1172 466 1213 aaut,
484 1158 596 1209 certatim
612 1158 810 1209 auxilioventuri
828 1172 926 1207 nuntia·

250 1239 338 1275 rentur
352 1240 361 1281 ς
384 1224 511 1286 desperata
524 1221 648 1281 victoria,
665 1222 690 1272 id
706 1240 780 1273 unum
798 1224 927 1287 agitabat,

249 1308 355 1357 quanam
378 1289 477 1340 ratione
494 1306 565 1355 quam
583 1288 687 1339 minimo
710 1289 837 1355 copiarum
856 1307 927 1357 atque

248 1364 319 1409 samae
335 1360 427 1408 damno
436 1358 468 1406 ab
476 1355 610 1407 obsidione
623 1355 770 1409 discederet.
788 1360 928 1423 imperabat

249 1444 280 1477 eo
296 1442 413 1491 tempore
430 1422 522 1483 Getis,
539 1423 658 1491 Scythico
672 1425 785 1490 populo,
804 1426 899 1477 Arbeat
916 1445 923 1478 ε

249 1493 291 1558 qui
306 1494 382 1543 armis
398 1490 559 1543 istrianorum
574 1508 687 1555 pressus,
703 1491 821 1543 auxilium
837 1512 850 1542 a
863 1492 925 1545 Phi·

249 1562 324 1626 iippo
339 1558 483 1625 petiverat,
502 1575 544 1623 spe
562 1559 705 1624 adoptionis
720 1562 801 1618 facta,
818 1560 839 1609 si
855 1560 925 1613 fessis

249 1630 373 1679 Getarum
388 1629 462 1677 rebus
474 1642 638 1677 succurreret.
654 1628 723 1677 Idem
741 1644 796 1678 tunt
814 1627 925 1682 hostium

248 1696 387 1759 imperator
395 1692 555 1752 decessisset,
572 1693 632 1745 belli
641 1710 710 1745 meru
718 1693 853 1755 liberatus,
868 1698 927 1747 Ma·

250 1765 359 1815 tedonas
378 1779 473 1812 vacuos
491 1759 633 1821 remiserat,
653 1778 746 1829 negans
761 1765 800 1814 vel
819 1765 923 1832 ipsorum

248 1834 364 1890 auxilio,
381 1834 422 1882 vel
435 1830 558 1896 adoptione
574 1830 680 1898 Philippi
693 1832 785 1899 eguisse
799 1850 810 1894 ;
824 1833 863 1882 tui
877 1835 924 1883 ad-

248 1902 423 1951 versationes
439 1899 658 1964 satispropriarum
667 1899 778 1956 virium,
795 1912 819 1948 et
835 1899 860 1949 ιἰι
871 1917 929 1950 suc·

248 1968 376 2022 cessionem
396 1965 466 2033 regni
475 1964 547 2026 fliius
562 1980 630 2017 esset.
645 1966 704 2015 Eam
717 1963 814 2015 barbati
831 1980 923 2016 contu·

249 2032 348 2084 meliam
360 2033 471 2083 ulturum
480 2034 559 2081 ferens
569 2030 713 2096 Philippus,
728 2031 820 2082 omisso
829 2032 926 2099 Byzan·
1000 2065 1004 2074 ·

248 2100 285 2149 tio
300 2099 327 2151 in
340 2098 470 2165 Scythiam
485 2096 610 2151 convertit
623 2116 721 2179 agmen.
743 2099 790 2150 Ubi
805 2116 925 2151 conserto·

248 2167 354 2230 prelio,
376 2185 433 2217 enm
449 2183 553 2217 nurnero
570 2183 707 2230 superiores
716 2167 807 2234 Scytha
820 2184 919 2228 essent,

247 2250 291 2285 nec
305 2234 411 2286 virtmis
424 2233 574 2299 paeniteret,
593 2250 643 2285 arte
653 2233 764 2299 Philippi
775 2236 924 2286 Macedoni·

249 2301 292 2354 bus
300 2301 413 2353 victoria
423 2300 506 2353 cessit.
516 2304 592 2364 cujus
607 2318 679 2352 omne
688 2302 794 2368 pretium
804 2320 923 2368 pecorum

250 2385 418 2437 equorumque
427 2367 525 2421 marirni
535 2386 638 2435 greges,
653 2385 680 2420 et
690 2369 830 2420 infirmioris
843 2370 926 2423 etatis*

250 2453 365 2505 sexusque
381 2437 478 2502 captivi
492 2441 560 2487 fuere
575 2455 582 2486 :
599 2452 685 2487 cetera
701 2439 784 2501 prada
799 2437 861 2488 nihil
878 2456 925 2498 ex-

252 2520 348 2569 ceptum
372 2521 411 2556 tst
428 2522 435 2553 t
451 2503 542 2571 quippe
565 2502 653 2569 opib'us
672 2502 773 2555 minime
790 2506 924 2557 studebant

251 2572 334 2634 Get23
353 2574 397 2623 sed
416 2572 564 2637 quotidiano
584 2570 654 2622 victu
670 2570 800 2631 contenti,
817 2589 922 2637 pauper-

250 2652 323 2690 tatem
336 2639 403 2691 inter
412 2640 471 2690 vitae
481 2640 613 2689 commoda
623 2639 791 2690 numerabant.
805 2643 922 2694 Ceterum

252 2721 303 2757 tam
330 2723 360 2757 ex
385 2708 485 2773 Scythia
510 2706 679 2775 regrediens,
711 2709 791 2772 longo
816 2706 923 2771 impedi·

252 2789 387 2826 mentorum
404 2774 521 2841 agmine,
540 2791 585 2839 pet
602 2772 728 2825 Triballos
748 2773 796 2823 iter
813 2777 922 2835 facerem

253 2838 287 2891 iili
306 2842 457 2908 opportunis
475 2843 540 2893 locis
557 2840 684 2906 occupatis
700 2840 829 2892 transitum
845 2858 923 2908 nega-

256 2907 323 2971 bant,
342 2910 391 2963 ni'si
413 2911 502 2977 p'raedae
524 2925 622 2976 partem
641 2909 776 2973 accepturi.
795 2913 872 2960 Erant
896 2909 928 2960 in·

768 2976 821 3037 Βῆ
