<?xml version="1.0" encoding="UTF-8"?>
<!DOCTYPE html PUBLIC "-//W3C//DTD XHTML 1.0 Transitional//EN"
    "http://www.w3.org/TR/xhtml1/DTD/xhtml1-transitional.dtd">
<html xmlns="http://www.w3.org/1999/xhtml" xml:lang="en" lang="en">
 <head>
  <title>
</title>
<meta http-equiv="Content-Type" content="text/html;charset=utf-8" />
  <meta name='ocr-system' content='tesseract 3.04.00' />
  <meta name='ocr-capabilities' content='ocr_page ocr_carea ocr_par ocr_line ocrx_word'/>
</head>
<body>
  <div class='ocr_page' id='page_1' title='image "./qcurtiirufidere00rufugoog_0379.png"; bbox 0 0 2625 4017; ppageno 0'>
   <div class='ocr_carea' id='block_1_1' title="bbox 394 534 894 618">
    <p class='ocr_par' dir='ltr' id='par_1_1' title="bbox 394 534 894 618">
     <span class='ocr_line' id='line_1_1' title="bbox 394 534 894 618; baseline -0.008 -15"><span class='ocrx_word' id='word_1_1' title='bbox 394 538 451 618; x_wconf 71' lang='lat'><em>330</em></span> <span class='ocrx_word' id='word_1_2' title='bbox 571 534 894 615; x_wconf 81' lang='lat' dir='ltr'>Q.CURT11</span> 
     </span>
    </p>
   </div>
   <div class='ocr_carea' id='block_1_2' title="bbox 374 636 1065 2928">
    <p class='ocr_par' dir='ltr' id='par_1_2' title="bbox 386 636 1065 800">
     <span class='ocr_line' id='line_1_2' title="bbox 386 636 1065 721; baseline 0 -21"><span class='ocrx_word' id='word_1_3' title='bbox 386 642 450 721; x_wconf 80' lang='lat' dir='ltr'><em>jure</em></span> <span class='ocrx_word' id='word_1_4' title='bbox 463 636 576 697; x_wconf 84' lang='lat' dir='ltr'><em>daturus</em></span> <span class='ocrx_word' id='word_1_5' title='bbox 581 636 629 714; x_wconf 82' lang='lat' dir='ltr'><em>fui</em></span> <span class='ocrx_word' id='word_1_6' title='bbox 638 658 735 718; x_wconf 79' lang='lat' dir='ltr'><em>purius</em></span> <span class='ocrx_word' id='word_1_7' title='bbox 747 658 760 709; x_wconf 88' lang='lat'><em>,·</em></span> <span class='ocrx_word' id='word_1_8' title='bbox 778 658 851 697; x_wconf 90' lang='lat' dir='ltr'><em>nunc</em></span> <span class='ocrx_word' id='word_1_9' title='bbox 862 636 980 717; x_wconf 77' lang='lat' dir='ltr'><em>perire,</em></span> <span class='ocrx_word' id='word_1_10' title='bbox 998 637 1065 717; x_wconf 77' lang='lat' dir='ltr'><em>quia</em></span> 
     </span>
     <span class='ocr_line' id='line_1_3' title="bbox 387 715 1065 800; baseline 0 -21"><span class='ocrx_word' id='word_1_11' title='bbox 387 717 498 800; x_wconf 78' lang='lat' dir='ltr'><em>parui?</em></span> <span class='ocrx_word' id='word_1_12' title='bbox 523 716 623 795; x_wconf 80' lang='lat' dir='ltr'><em>Neque</em></span> <span class='ocrx_word' id='word_1_13' title='bbox 643 718 716 776; x_wconf 87' lang='lat' dir='ltr'><em>enirn</em></span> <span class='ocrx_word' id='word_1_14' title='bbox 740 715 797 775; x_wconf 78' lang='lat' dir='ltr'><em>ulia</em></span> <span class='ocrx_word' id='word_1_15' title='bbox 819 716 877 775; x_wconf 85' lang='lat' dir='ltr'><em>ulia</em></span> <span class='ocrx_word' id='word_1_16' title='bbox 900 716 984 777; x_wconf 87' lang='lat' dir='ltr'><em>matri</em></span> <span class='ocrx_word' id='word_1_17' title='bbox 1008 737 1065 779; x_wconf 78' lang='lat' dir='ltr'><em>tuae</em></span> 
     </span>
    </p>

    <p class='ocr_par' dir='ltr' id='par_1_3' title="bbox 385 794 1065 1429">
     <span class='ocr_line' id='line_1_4' title="bbox 408 794 1063 875; baseline -0.003 -18"><span class='ocrx_word' id='word_1_18' title='bbox 408 794 566 875; x_wconf 82' lang='lat' dir='ltr'><em>&#39;ersequendi</em></span> <span class='ocrx_word' id='word_1_19' title='bbox 580 816 630 855; x_wconf 88' lang='lat' dir='ltr'><em>nos</em></span> <span class='ocrx_word' id='word_1_20' title='bbox 642 816 727 856; x_wconf 85' lang='lat' dir='ltr'><em>cuusa</em></span> <span class='ocrx_word' id='word_1_21' title='bbox 740 812 803 865; x_wconf 89' lang='lat' dir='ltr'><em>est,</em></span> <span class='ocrx_word' id='word_1_22' title='bbox 821 815 900 874; x_wconf 84' lang='lat' dir='ltr'><em>quant</em></span> <span class='ocrx_word' id='word_1_23' title='bbox 917 794 988 874; x_wconf 82' lang='lat' dir='ltr'><em>quoti</em></span> <span class='ocrx_word' id='word_1_24' title='bbox 1003 796 1063 855; x_wconf 88' lang='lat' dir='ltr'><em>uti-</em></span> 
     </span>
     <span class='ocr_line' id='line_1_5' title="bbox 387 818 1065 955; baseline 0 -20"><span class='ocrx_word' id='word_1_25' title='bbox 387 818 498 936; x_wconf 75' lang='lat' dir='ltr'><em>iitatern</em></span> <span class='ocrx_word' id='word_1_26' title='bbox 513 894 586 934; x_wconf 86' lang='lat' dir='ltr'><em>tuam</em></span> <span class='ocrx_word' id='word_1_27' title='bbox 601 874 726 935; x_wconf 79' lang='lat' dir='ltr'><em>muliebri</em></span> <span class='ocrx_word' id='word_1_28' title='bbox 738 875 935 955; x_wconf 76' lang='lat' dir='ltr'><em>praeposuimus</em></span> <span class='ocrx_word' id='word_1_29' title='bbox 946 876 1065 954; x_wconf 57' lang='lat' dir='ltr'><em>gratiae,</em></span> 
     </span>
     <span class='ocr_line' id='line_1_6' title="bbox 389 952 1062 1034; baseline 0 -18"><span class='ocrx_word' id='word_1_30' title='bbox 389 952 449 1016; x_wconf 85' lang='lat' dir='ltr'><em>Sex</em></span> <span class='ocrx_word' id='word_1_31' title='bbox 471 953 560 1014; x_wconf 80' lang='lat' dir='ltr'><em>rniiiiu</em></span> <span class='ocrx_word' id='word_1_32' title='bbox 581 952 767 1013; x_wconf 78' lang='lat' dir='ltr'><em>Macedonum</em></span> <span class='ocrx_word' id='word_1_33' title='bbox 787 952 933 1034; x_wconf 79' lang='lat' dir='ltr'><em>pediturn,</em></span> <span class='ocrx_word' id='word_1_34' title='bbox 959 973 987 1014; x_wconf 88' lang='lat' dir='ltr'><em>et</em></span> <span class='ocrx_word' id='word_1_35' title='bbox 1011 974 1062 1016; x_wconf 88' lang='lat' dir='ltr'><em>uc</em></span> 
     </span>
     <span class='ocr_line' id='line_1_7' title="bbox 390 1032 1062 1114; baseline -0.003 -19"><span class='ocrx_word' id='word_1_36' title='bbox 390 1033 496 1114; x_wconf 81' lang='lat' dir='ltr'><em>equites</em></span> <span class='ocrx_word' id='word_1_37' title='bbox 514 1032 641 1101; x_wconf 80' lang='lat' dir='ltr'><em>adduxi,</em></span> <span class='ocrx_word' id='word_1_38' title='bbox 664 1052 774 1111; x_wconf 85' lang='lat' dir='ltr'><em>quorum</em></span> <span class='ocrx_word' id='word_1_39' title='bbox 788 1052 854 1111; x_wconf 82' lang='lat' dir='ltr'><em>pars</em></span> <span class='ocrx_word' id='word_1_40' title='bbox 873 1050 1003 1095; x_wconf 78' lang='lat' dir='ltr'><em>secutura</em></span> <span class='ocrx_word' id='word_1_41' title='bbox 1019 1054 1062 1093; x_wconf 80' lang='lat' dir='ltr'><em>rna</em></span> 
     </span>
     <span class='ocr_line' id='line_1_8' title="bbox 388 1110 1063 1181; baseline -0.001 -7"><span class='ocrx_word' id='word_1_42' title='bbox 388 1135 443 1174; x_wconf 80' lang='lat' dir='ltr'><em>nun</em></span> <span class='ocrx_word' id='word_1_43' title='bbox 457 1132 537 1181; x_wconf 83' lang='lat' dir='ltr'><em>erut,</em></span> <span class='ocrx_word' id='word_1_44' title='bbox 554 1111 580 1171; x_wconf 89' lang='lat' dir='ltr'><em>si</em></span> <span class='ocrx_word' id='word_1_45' title='bbox 594 1110 724 1173; x_wconf 78' lang='lat' dir='ltr'><em>militiam</em></span> <span class='ocrx_word' id='word_1_46' title='bbox 736 1110 952 1171; x_wconf 77' lang='lat' dir='ltr'><em>detrectantibus</em></span> <span class='ocrx_word' id='word_1_47' title='bbox 967 1111 1063 1173; x_wconf 83' lang='lat' dir='ltr'><em>indul·</em></span> 
     </span>
     <span class='ocr_line' id='line_1_9' title="bbox 385 1188 1063 1277; baseline -0.003 -24"><span class='ocrx_word' id='word_1_48' title='bbox 385 1213 457 1277; x_wconf 80' lang='lat' dir='ltr'><em>gere</em></span> <span class='ocrx_word' id='word_1_49' title='bbox 467 1190 626 1253; x_wconf 82' lang='lat' dir='ltr'><em>voluissem.</em></span> <span class='ocrx_word' id='word_1_50' title='bbox 637 1188 766 1270; x_wconf 81' lang='lat' dir='ltr'><em>Sequitur</em></span> <span class='ocrx_word' id='word_1_51' title='bbox 776 1209 839 1269; x_wconf 88' lang='lat' dir='ltr'><em>ergo</em></span> <span class='ocrx_word' id='word_1_52' title='bbox 851 1230 860 1258; x_wconf 91' lang='lat'><em>,</em></span> <span class='ocrx_word' id='word_1_53' title='bbox 873 1207 923 1260; x_wconf 89' lang='lat' dir='ltr'><em>ut,</em></span> <span class='ocrx_word' id='word_1_54' title='bbox 936 1191 1001 1269; x_wconf 85' lang='lat' dir='ltr'><em>quia</em></span> <span class='ocrx_word' id='word_1_55' title='bbox 1012 1190 1063 1251; x_wconf 82' lang='lat' dir='ltr'><em>iiia</em></span> 
     </span>
     <span class='ocr_line' id='line_1_10' title="bbox 385 1269 1063 1353; baseline -0.004 -21"><span class='ocrx_word' id='word_1_56' title='bbox 385 1290 496 1353; x_wconf 76' lang='lat' dir='ltr'><em>propter</em></span> <span class='ocrx_word' id='word_1_57' title='bbox 514 1269 584 1330; x_wconf 81' lang='lat' dir='ltr'><em>bunc</em></span> <span class='ocrx_word' id='word_1_58' title='bbox 607 1290 719 1330; x_wconf 84' lang='lat' dir='ltr'><em>causant</em></span> <span class='ocrx_word' id='word_1_59' title='bbox 740 1269 871 1328; x_wconf 81' lang='lat' dir='ltr'><em>irascitur</em></span> <span class='ocrx_word' id='word_1_60' title='bbox 890 1269 971 1329; x_wconf 85' lang='lat' dir='ltr'><em>nubis</em></span> <span class='ocrx_word' id='word_1_61' title='bbox 992 1291 1005 1343; x_wconf 90' lang='lat'><em>;</em></span> <span class='ocrx_word' id='word_1_62' title='bbox 1033 1289 1063 1329; x_wconf 90' lang='lat' dir='ltr'><em>tu</em></span> 
     </span>
     <span class='ocr_line' id='line_1_11' title="bbox 387 1347 1064 1429; baseline 0.003 -18"><span class='ocrx_word' id='word_1_63' title='bbox 387 1350 502 1429; x_wconf 82' lang='lat' dir='ltr'><em>mitiges</em></span> <span class='ocrx_word' id='word_1_64' title='bbox 513 1366 625 1409; x_wconf 85' lang='lat' dir='ltr'><em>rnatrern</em></span> <span class='ocrx_word' id='word_1_65' title='bbox 638 1392 648 1418; x_wconf 91' lang='lat'><em>,</em></span> <span class='ocrx_word' id='word_1_66' title='bbox 668 1348 713 1427; x_wconf 88' lang='lat' dir='ltr'><em>qui</em></span> <span class='ocrx_word' id='word_1_67' title='bbox 726 1347 776 1408; x_wconf 81' lang='lat' dir='ltr'><em>iste</em></span> <span class='ocrx_word' id='word_1_68' title='bbox 788 1348 848 1427; x_wconf 76' lang='lat' dir='ltr'><em>ejus</em></span> <span class='ocrx_word' id='word_1_69' title='bbox 861 1369 912 1409; x_wconf 85' lang='lat' dir='ltr'><em>nos</em></span> <span class='ocrx_word' id='word_1_70' title='bbox 925 1348 1064 1414; x_wconf 81' lang='lat' dir='ltr'><em>obtulisti.</em></span> 
     </span>
    </p>

    <p class='ocr_par' dir='ltr' id='par_1_4' title="bbox 374 1427 1064 2928">
     <span class='ocr_line' id='line_1_12' title="bbox 430 1427 1062 1511; baseline 0.003 -23"><span class='ocrx_word' id='word_1_71' title='bbox 430 1430 507 1490; x_wconf 71' lang='lat' dir='ltr'><em>Ceu.</em></span> <span class='ocrx_word' id='word_1_72' title='bbox 523 1430 561 1488; x_wconf 84' lang='lat'><em>11.</em></span> <span class='ocrx_word' id='word_1_73' title='bbox 575 1429 654 1489; x_wconf 90' lang='lat' dir='ltr'><em>Dum</em></span> <span class='ocrx_word' id='word_1_74' title='bbox 667 1427 726 1487; x_wconf 86' lang='lat' dir='ltr'><em>baec</em></span> <span class='ocrx_word' id='word_1_75' title='bbox 736 1428 876 1505; x_wconf 87' lang='lat' dir='ltr'><em>Amyntas</em></span> <span class='ocrx_word' id='word_1_76' title='bbox 887 1430 967 1511; x_wconf 86' lang='lat' dir='ltr'><em>agit,</em></span> <span class='ocrx_word' id='word_1_77' title='bbox 986 1430 1062 1491; x_wconf 83' lang='lat' dir='ltr'><em>forte</em></span> 
     </span>
     <span class='ocr_line' id='line_1_13' title="bbox 388 1507 1063 1590; baseline 0 -21"><span class='ocrx_word' id='word_1_78' title='bbox 388 1523 629 1590; x_wconf 82' lang='lat' dir='ltr'><em>supervenerunt,</em></span> <span class='ocrx_word' id='word_1_79' title='bbox 651 1507 699 1583; x_wconf 88' lang='lat' dir='ltr'><em>qui</em></span> <span class='ocrx_word' id='word_1_80' title='bbox 715 1507 831 1567; x_wconf 84' lang='lat' dir='ltr'><em>fratrem</em></span> <span class='ocrx_word' id='word_1_81' title='bbox 847 1508 906 1581; x_wconf 78' lang='lat' dir='ltr'><em>ejus</em></span> <span class='ocrx_word' id='word_1_82' title='bbox 918 1509 1063 1569; x_wconf 89' lang='lat' dir='ltr'><em>Polemo·</em></span> 
     </span>
     <span class='ocr_line' id='line_1_14' title="bbox 388 1587 1061 1669; baseline -0.001 -19"><span class='ocrx_word' id='word_1_83' title='bbox 388 1610 480 1659; x_wconf 88' lang='lat' dir='ltr'><em>nem,</em></span> <span class='ocrx_word' id='word_1_84' title='bbox 500 1588 604 1665; x_wconf 78' lang='lat' dir='ltr'><em>dequo</em></span> <span class='ocrx_word' id='word_1_85' title='bbox 617 1605 683 1648; x_wconf 89' lang='lat' dir='ltr'><em>ante</em></span> <span class='ocrx_word' id='word_1_86' title='bbox 699 1587 879 1655; x_wconf 85' lang='lat' dir='ltr'><em>dictumest,</em></span> <span class='ocrx_word' id='word_1_87' title='bbox 902 1588 1061 1669; x_wconf 83' lang='lat' dir='ltr'><em>fugientem</em></span> 
     </span>
     <span class='ocr_line' id='line_1_15' title="bbox 374 1666 1064 1742; baseline -0.006 -12"><span class='ocrx_word' id='word_1_88' title='bbox 374 1737 377 1742; x_wconf 20' lang='lat'><strong>⁴</strong></span> <span class='ocrx_word' id='word_1_89' title='bbox 388 1666 536 1730; x_wconf 69' lang='lat' dir='ltr'><em>consecuti</em></span> <span class='ocrx_word' id='word_1_90' title='bbox 546 1666 675 1729; x_wconf 78' lang='lat' dir='ltr'><em>vinctum</em></span> <span class='ocrx_word' id='word_1_91' title='bbox 685 1666 865 1727; x_wconf 86' lang='lat' dir='ltr'><em>reducebant.</em></span> <span class='ocrx_word' id='word_1_92' title='bbox 875 1666 980 1728; x_wconf 86' lang='lat' dir='ltr'><em>Infesta</em></span> <span class='ocrx_word' id='word_1_93' title='bbox 990 1689 1064 1728; x_wconf 89' lang='lat' dir='ltr'><em>con·</em></span> 
     </span>
     <span class='ocr_line' id='line_1_16' title="bbox 389 1745 1062 1825; baseline -0.003 -16"><span class='ocrx_word' id='word_1_94' title='bbox 389 1750 438 1809; x_wconf 88' lang='lat' dir='ltr'><em>cio</em></span> <span class='ocrx_word' id='word_1_95' title='bbox 450 1749 499 1808; x_wconf 87' lang='lat' dir='ltr'><em>vix</em></span> <span class='ocrx_word' id='word_1_96' title='bbox 510 1745 630 1807; x_wconf 84' lang='lat' dir='ltr'><em>inhiberi</em></span> <span class='ocrx_word' id='word_1_97' title='bbox 642 1746 737 1825; x_wconf 88' lang='lat' dir='ltr'><em>potuit</em></span> <span class='ocrx_word' id='word_1_98' title='bbox 749 1768 759 1818; x_wconf 81' lang='lat'><em>3</em></span> <span class='ocrx_word' id='word_1_99' title='bbox 783 1745 849 1824; x_wconf 90' lang='lat' dir='ltr'><em>quin</em></span> <span class='ocrx_word' id='word_1_100' title='bbox 863 1748 992 1825; x_wconf 88' lang='lat' dir='ltr'><em>protinus</em></span> <span class='ocrx_word' id='word_1_101' title='bbox 1008 1768 1062 1807; x_wconf 88' lang='lat' dir='ltr'><em>suo</em></span> 
     </span>
     <span class='ocr_line' id='line_1_17' title="bbox 389 1825 1063 1904; baseline 0.001 -16"><span class='ocrx_word' id='word_1_102' title='bbox 389 1847 472 1888; x_wconf 86' lang='lat' dir='ltr'><em>more</em></span> <span class='ocrx_word' id='word_1_103' title='bbox 482 1848 548 1888; x_wconf 85' lang='lat' dir='ltr'><em>saxa</em></span> <span class='ocrx_word' id='word_1_104' title='bbox 561 1827 590 1885; x_wconf 88' lang='lat' dir='ltr'><em>in</em></span> <span class='ocrx_word' id='word_1_105' title='bbox 602 1848 668 1887; x_wconf 89' lang='lat' dir='ltr'><em>eum</em></span> <span class='ocrx_word' id='word_1_106' title='bbox 686 1826 801 1904; x_wconf 83' lang='lat' dir='ltr'><em>jaceret.</em></span> <span class='ocrx_word' id='word_1_107' title='bbox 820 1825 915 1903; x_wconf 86' lang='lat' dir='ltr'><em>Atque</em></span> <span class='ocrx_word' id='word_1_108' title='bbox 926 1826 977 1887; x_wconf 87' lang='lat' dir='ltr'><em>ille</em></span> <span class='ocrx_word' id='word_1_109' title='bbox 993 1847 1063 1889; x_wconf 86' lang='lat' dir='ltr'><em>saue</em></span> 
     </span>
     <span class='ocr_line' id='line_1_18' title="bbox 388 1904 1062 1986; baseline -0.001 -21"><span class='ocrx_word' id='word_1_110' title='bbox 388 1905 550 1973; x_wconf 83' lang='lat' dir='ltr'><em>interritus,</em></span> <span class='ocrx_word' id='word_1_111' title='bbox 563 1904 655 1973; x_wconf 78' lang='lat' dir='ltr'><em>nibil,</em></span> <span class='ocrx_word' id='word_1_112' title='bbox 667 1905 778 1982; x_wconf 88' lang='lat' dir='ltr'><em>inquit,</em></span> <span class='ocrx_word' id='word_1_113' title='bbox 793 1924 840 1984; x_wconf 80' lang='lat' dir='ltr'><em>pro</em></span> <span class='ocrx_word' id='word_1_114' title='bbox 852 1923 894 1964; x_wconf 86' lang='lat' dir='ltr'><em>rne</em></span> <span class='ocrx_word' id='word_1_115' title='bbox 905 1904 1037 1986; x_wconf 82' lang='lat' dir='ltr'><em>deprecor</em></span> <span class='ocrx_word' id='word_1_116' title='bbox 1047 1924 1062 1979; x_wconf 92' lang='lat'><em>,·</em></span> 
     </span>
     <span class='ocr_line' id='line_1_19' title="bbox 388 1981 1063 2066; baseline 0 -21"><span class='ocrx_word' id='word_1_117' title='bbox 388 1983 467 2063; x_wconf 76' lang='lat' dir='ltr'><em>enode</em></span> <span class='ocrx_word' id='word_1_118' title='bbox 478 2004 513 2043; x_wconf 87' lang='lat' dir='ltr'><em>ne</em></span> <span class='ocrx_word' id='word_1_119' title='bbox 517 1981 640 2058; x_wconf 81' lang='lat' dir='ltr'><em>fratrum</em></span> <span class='ocrx_word' id='word_1_120' title='bbox 652 1983 817 2044; x_wconf 80' lang='lat' dir='ltr'><em>innocentie</em></span> <span class='ocrx_word' id='word_1_121' title='bbox 828 1982 902 2063; x_wconf 82' lang='lat' dir='ltr'><em>fuga</em></span> <span class='ocrx_word' id='word_1_122' title='bbox 915 1983 1063 2066; x_wconf 78' lang='lat' dir='ltr'><em>imputetur</em></span> 
     </span>
     <span class='ocr_line' id='line_1_20' title="bbox 388 2060 1063 2147; baseline -0.001 -23"><span class='ocrx_word' id='word_1_123' title='bbox 388 2084 461 2147; x_wconf 82' lang='lat' dir='ltr'><em>tntu.</em></span> <span class='ocrx_word' id='word_1_124' title='bbox 472 2060 543 2122; x_wconf 85' lang='lat' dir='ltr'><em>Haec</em></span> <span class='ocrx_word' id='word_1_125' title='bbox 553 2061 579 2122; x_wconf 90' lang='lat' dir='ltr'><em>si</em></span> <span class='ocrx_word' id='word_1_126' title='bbox 591 2061 703 2138; x_wconf 79' lang='lat' dir='ltr'><em>defendi</em></span> <span class='ocrx_word' id='word_1_127' title='bbox 715 2085 768 2123; x_wconf 89' lang='lat' dir='ltr'><em>nun</em></span> <span class='ocrx_word' id='word_1_128' title='bbox 776 2080 889 2143; x_wconf 81' lang='lat' dir='ltr'><em>potest,</em></span> <span class='ocrx_word' id='word_1_129' title='bbox 905 2083 996 2136; x_wconf 81' lang='lat' dir='ltr'><em>rneunt</em></span> <span class='ocrx_word' id='word_1_130' title='bbox 1005 2064 1063 2125; x_wconf 90' lang='lat' dir='ltr'><em>cri-</em></span> 
     </span>
     <span class='ocr_line' id='line_1_21' title="bbox 389 2141 1062 2223; baseline 0.004 -19"><span class='ocrx_word' id='word_1_131' title='bbox 389 2163 452 2211; x_wconf 81' lang='lat' dir='ltr'><em>tnen</em></span> <span class='ocrx_word' id='word_1_132' title='bbox 476 2143 526 2204; x_wconf 90' lang='lat' dir='ltr'><em>sit.</em></span> <span class='ocrx_word' id='word_1_133' title='bbox 547 2141 652 2202; x_wconf 85' lang='lat' dir='ltr'><em>Horum</em></span> <span class='ocrx_word' id='word_1_134' title='bbox 674 2141 705 2202; x_wconf 87' lang='lat' dir='ltr'><em>ob</em></span> <span class='ocrx_word' id='word_1_135' title='bbox 730 2141 760 2201; x_wconf 79' lang='lat' dir='ltr'><em>iu</em></span> <span class='ocrx_word' id='word_1_136' title='bbox 783 2141 872 2223; x_wconf 81' lang='lat' dir='ltr'><em>ipsum</em></span> <span class='ocrx_word' id='word_1_137' title='bbox 895 2141 992 2205; x_wconf 83' lang='lat' dir='ltr'><em>tneliot</em></span> <span class='ocrx_word' id='word_1_138' title='bbox 1016 2162 1062 2208; x_wconf 88' lang='lat' dir='ltr'><em>est</em></span> 
     </span>
     <span class='ocr_line' id='line_1_22' title="bbox 387 2219 1062 2302; baseline -0.003 -18"><span class='ocrx_word' id='word_1_139' title='bbox 387 2242 495 2292; x_wconf 78' lang='lat' dir='ltr'><em>causa,</em></span> <span class='ocrx_word' id='word_1_140' title='bbox 515 2220 584 2301; x_wconf 83' lang='lat' dir='ltr'><em>quud</em></span> <span class='ocrx_word' id='word_1_141' title='bbox 603 2242 678 2301; x_wconf 85' lang='lat' dir='ltr'><em>ego,</em></span> <span class='ocrx_word' id='word_1_142' title='bbox 698 2221 743 2300; x_wconf 88' lang='lat' dir='ltr'><em>qui</em></span> <span class='ocrx_word' id='word_1_143' title='bbox 760 2219 893 2301; x_wconf 75' lang='lat' dir='ltr'><em>profugi,</em></span> <span class='ocrx_word' id='word_1_144' title='bbox 915 2239 1062 2302; x_wconf 84' lang='lat' dir='ltr'><em>suspectus</em></span> 
     </span>
     <span class='ocr_line' id='line_1_23' title="bbox 388 2301 1060 2365; baseline -0.003 0"><span class='ocrx_word' id='word_1_145' title='bbox 388 2308 461 2365; x_wconf 84' lang='lat' dir='ltr'><em>turn.</em></span> <span class='ocrx_word' id='word_1_146' title='bbox 480 2306 522 2362; x_wconf 86' lang='lat' dir='ltr'><em>At</em></span> <span class='ocrx_word' id='word_1_147' title='bbox 538 2302 598 2362; x_wconf 87' lang='lat' dir='ltr'><em>baec</em></span> <span class='ocrx_word' id='word_1_148' title='bbox 613 2304 730 2365; x_wconf 87' lang='lat' dir='ltr'><em>elocuto</em></span> <span class='ocrx_word' id='word_1_149' title='bbox 746 2301 876 2363; x_wconf 87' lang='lat' dir='ltr'><em>universa</em></span> <span class='ocrx_word' id='word_1_150' title='bbox 893 2303 998 2365; x_wconf 86' lang='lat' dir='ltr'><em>concio</em></span> <span class='ocrx_word' id='word_1_151' title='bbox 1011 2324 1060 2363; x_wconf 85' lang='lat' dir='ltr'><em>as·</em></span> 
     </span>
     <span class='ocr_line' id='line_1_24' title="bbox 388 2380 1060 2460; baseline -0.003 -15"><span class='ocrx_word' id='word_1_152' title='bbox 388 2404 469 2450; x_wconf 82' lang='lat' dir='ltr'><em>sensa</em></span> <span class='ocrx_word' id='word_1_153' title='bbox 487 2399 540 2444; x_wconf 86' lang='lat' dir='ltr'><em>est.</em></span> <span class='ocrx_word' id='word_1_154' title='bbox 560 2380 705 2460; x_wconf 85' lang='lat' dir='ltr'><em>Lacrymae</em></span> <span class='ocrx_word' id='word_1_155' title='bbox 722 2380 822 2441; x_wconf 86' lang='lat' dir='ltr'><em>deinde</em></span> <span class='ocrx_word' id='word_1_156' title='bbox 841 2381 973 2441; x_wconf 84' lang='lat' dir='ltr'><em>omnibus</em></span> <span class='ocrx_word' id='word_1_157' title='bbox 992 2403 1060 2443; x_wconf 87' lang='lat' dir='ltr'><em>ma·</em></span> 
     </span>
     <span class='ocr_line' id='line_1_25' title="bbox 388 2460 1060 2541; baseline -0.003 -16"><span class='ocrx_word' id='word_1_158' title='bbox 388 2483 457 2525; x_wconf 80' lang='lat' dir='ltr'><em>trare</em></span> <span class='ocrx_word' id='word_1_159' title='bbox 468 2462 712 2541; x_wconf 85' lang='lat' dir='ltr'><em>coeperunt,adeo</em></span> <span class='ocrx_word' id='word_1_160' title='bbox 721 2462 750 2521; x_wconf 88' lang='lat' dir='ltr'><em>in</em></span> <span class='ocrx_word' id='word_1_161' title='bbox 760 2460 933 2522; x_wconf 84' lang='lat' dir='ltr'><em>contrarium</em></span> <span class='ocrx_word' id='word_1_162' title='bbox 942 2480 1060 2539; x_wconf 83' lang='lat' dir='ltr'><em>repente</em></span> 
     </span>
     <span class='ocr_line' id='line_1_26' title="bbox 389 2537 1061 2619; baseline -0.004 -15"><span class='ocrx_word' id='word_1_163' title='bbox 389 2537 523 2616; x_wconf 80' lang='lat' dir='ltr'><em>mutatis3</em></span> <span class='ocrx_word' id='word_1_164' title='bbox 540 2557 571 2602; x_wconf 94' lang='lat' dir='ltr'><em>ut</em></span> <span class='ocrx_word' id='word_1_165' title='bbox 580 2542 675 2602; x_wconf 88' lang='lat' dir='ltr'><em>solum</em></span> <span class='ocrx_word' id='word_1_166' title='bbox 686 2561 738 2619; x_wconf 90' lang='lat' dir='ltr'><em>pro</em></span> <span class='ocrx_word' id='word_1_167' title='bbox 750 2562 785 2602; x_wconf 90' lang='lat' dir='ltr'><em>eo</em></span> <span class='ocrx_word' id='word_1_168' title='bbox 795 2557 886 2609; x_wconf 88' lang='lat' dir='ltr'><em>esset,</em></span> <span class='ocrx_word' id='word_1_169' title='bbox 903 2542 978 2618; x_wconf 91' lang='lat' dir='ltr'><em>quod</em></span> <span class='ocrx_word' id='word_1_170' title='bbox 991 2563 1061 2602; x_wconf 86' lang='lat' dir='ltr'><em>ma·</em></span> 
     </span>
     <span class='ocr_line' id='line_1_27' title="bbox 388 2618 1062 2702; baseline -0.004 -18"><span class='ocrx_word' id='word_1_171' title='bbox 388 2622 607 2702; x_wconf 76' lang='lat' dir='ltr'><em>ximelaesetat.</em></span> <span class='ocrx_word' id='word_1_172' title='bbox 632 2620 750 2693; x_wconf 88' lang='lat' dir='ltr'><em>Juvenis</em></span> <span class='ocrx_word' id='word_1_173' title='bbox 771 2636 831 2679; x_wconf 88' lang='lat' dir='ltr'><em>erat</em></span> <span class='ocrx_word' id='word_1_174' title='bbox 852 2618 946 2699; x_wconf 86' lang='lat' dir='ltr'><em>primu</em></span> <span class='ocrx_word' id='word_1_175' title='bbox 971 2621 1062 2682; x_wconf 88' lang='lat' dir='ltr'><em>aetatis</em></span> 
     </span>
     <span class='ocr_line' id='line_1_28' title="bbox 389 2698 1061 2780; baseline 0 -19"><span class='ocrx_word' id='word_1_176' title='bbox 389 2700 460 2780; x_wconf 78' lang='lat' dir='ltr'><em>flore</em></span> <span class='ocrx_word' id='word_1_177' title='bbox 478 2702 653 2778; x_wconf 84' lang='lat' dir='ltr'><em>pubescens,</em></span> <span class='ocrx_word' id='word_1_178' title='bbox 675 2720 759 2777; x_wconf 91' lang='lat' dir='ltr'><em>quem</em></span> <span class='ocrx_word' id='word_1_179' title='bbox 776 2699 849 2760; x_wconf 88' lang='lat' dir='ltr'><em>inter</em></span> <span class='ocrx_word' id='word_1_180' title='bbox 868 2698 975 2777; x_wconf 90' lang='lat' dir='ltr'><em>equites</em></span> <span class='ocrx_word' id='word_1_181' title='bbox 994 2717 1061 2761; x_wconf 84' lang='lat' dir='ltr'><em>tor·</em></span> 
     </span>
     <span class='ocr_line' id='line_1_29' title="bbox 389 2778 1062 2842; baseline -0.001 0"><span class='ocrx_word' id='word_1_182' title='bbox 389 2779 491 2842; x_wconf 84' lang='lat' dir='ltr'><em>mentis</em></span> <span class='ocrx_word' id='word_1_183' title='bbox 508 2778 626 2839; x_wconf 81' lang='lat' dir='ltr'><em>Philotae</em></span> <span class='ocrx_word' id='word_1_184' title='bbox 643 2782 826 2842; x_wconf 83' lang='lat' dir='ltr'><em>conturbatos</em></span> <span class='ocrx_word' id='word_1_185' title='bbox 843 2779 951 2840; x_wconf 89' lang='lat' dir='ltr'><em>alienus</em></span> <span class='ocrx_word' id='word_1_186' title='bbox 966 2797 1062 2841; x_wconf 83' lang='lat' dir='ltr'><em>terror</em></span> 
     </span>
     <span class='ocr_line' id='line_1_30' title="bbox 388 2858 1061 2928; baseline 0.003 -8"><span class='ocrx_word' id='word_1_187' title='bbox 388 2861 549 2920; x_wconf 81' lang='lat' dir='ltr'><em>abstulerat.</em></span> <span class='ocrx_word' id='word_1_188' title='bbox 563 2858 716 2919; x_wconf 86' lang='lat' dir='ltr'><em>Desertum</em></span> <span class='ocrx_word' id='word_1_189' title='bbox 727 2879 794 2920; x_wconf 89' lang='lat' dir='ltr'><em>eum</em></span> <span class='ocrx_word' id='word_1_190' title='bbox 807 2880 823 2918; x_wconf 88' lang='lat' dir='ltr'><em>a</em></span> <span class='ocrx_word' id='word_1_191' title='bbox 836 2858 1007 2928; x_wconf 81' lang='lat' dir='ltr'><em>comitibus,</em></span> <span class='ocrx_word' id='word_1_192' title='bbox 1029 2877 1061 2923; x_wconf 89' lang='lat' dir='ltr'><em>et</em></span> 
     </span>
    </p>
   </div>
   <div class='ocr_carea' id='block_1_3' title="bbox 388 2937 1061 3032">
    <p class='ocr_par' dir='ltr' id='par_1_5' title="bbox 388 2937 1061 3032">
     <span class='ocr_line' id='line_1_31' title="bbox 388 2937 1061 3032; baseline 0.019 -33"><span class='ocrx_word' id='word_1_193' title='bbox 388 2937 562 3008; x_wconf 67' lang='lat' dir='ltr'><em>imitantem</em></span> <span class='ocrx_word' id='word_1_194' title='bbox 590 2938 664 3016; x_wconf 79' lang='lat' dir='ltr'><em>inter</em></span> <span class='ocrx_word' id='word_1_195' title='bbox 690 2937 848 3005; x_wconf 82' lang='lat' dir='ltr'><em>revertendi</em></span> <span class='ocrx_word' id='word_1_196' title='bbox 875 2938 1061 3032; x_wconf 67' lang='lat' dir='ltr'><em>fugiendique</em></span> 
     </span>
    </p>
   </div>
   <div class='ocr_carea' id='block_1_4' title="bbox 0 0 1321 4017">
    <p class='ocr_par' dir='ltr' id='par_1_6' title="bbox 0 0 1321 4017">
     <span class='ocr_line' id='line_1_32' title="bbox 0 0 1321 4017; baseline 0 0"><span class='ocrx_word' id='word_1_197' title='bbox 0 0 1321 4017; x_wconf 95' lang='lat' dir='ltr'><em> </em></span> 
     </span>
    </p>
   </div>
  </div>
 </body>
</html>
