2625 4017
382 574 444 646 '414
563 568 606 648 Q.
647 568 893 631 cunrrr

382 669 413 732 itt
430 669 624 731 Macedonum
641 688 730 731 castra
746 670 894 748 pervenit,
914 666 1061 733 nuntiari·

401 771 439 811 ue
455 750 621 809 Alexandro
638 750 737 828 jubet,
759 769 842 820 etse,
862 769 922 828 quae
937 771 974 810 ex
992 750 1058 830 ipsu

381 772 490 888 ieheret
508 848 686 907 cognoscere.
699 830 752 889 llle
767 827 894 908 protinus
908 828 1057 890 barbaram

380 908 461 988 jussit
480 906 602 969 admitti.
625 906 725 984 Quam
743 924 774 968 ut
791 928 933 987 aspersam
952 928 1058 969 cruore

380 986 550 1064 conspexit,
562 1006 636 1048 ratus
645 986 680 1045 ad
691 988 894 1065 deplorandam
903 1007 1059 1048 contume-

380 1067 454 1127 liam
466 1065 594 1135 venisse,
612 1064 704 1125 dicere
716 1086 774 1144 pute
786 1064 890 1135 vellet,
906 1068 996 1146 jubet.
1008 1066 1059 1126 'At

381 1145 433 1205 illa
450 1165 577 1213 servum,
592 1165 679 1223 quem
690 1164 762 1204 stare
777 1144 957 1207 investibulo
969 1146 1059 1224 iusse-

381 1219 600 1288 remittendum
616 1223 794 1287 desideravit.
810 1224 870 1301 Qui
886 1224 952 1302 quia
968 1240 1059 1303 caput

380 1303 552 1382 Spitamenis
564 1321 642 1364 ueste
657 1320 764 1364 tectum
775 1302 918 1375 habebam
940 1324 1057 1383 suspec-

381 1401 426 1443 tus
435 1382 641 1451 scrutantibus,
662 1382 727 1458 quid
741 1384 903 1451 occuleret,
922 1382 1059 1447 ostendit.

381 1460 559 1522 Confuderat
582 1460 638 1520 oris
657 1460 806 1543 exsanguis
827 1478 909 1521 notas
929 1462 1024 1539 pallor
1044 1501 1056 1530 ,

381 1560 437 1601 nec
453 1540 514 1617 quis
532 1558 626 1609 esset,
648 1541 728 1599 nosci
748 1541 813 1599 satis
832 1558 954 1618 poterat.
976 1540 1057 1620 Ergo

380 1639 434 1681 rex
456 1618 560 1679 certior
578 1618 668 1679 faetus
687 1617 832 1678 humanum
854 1637 934 1698 caput
955 1615 1059 1698 afferte

382 1718 463 1766 eum,
474 1697 658 1758 tabernaculo
669 1699 806 1767 excessit,
817 1717 1058 1775 percontatusque

382 1775 449 1857 quid
460 1776 500 1837 rei
512 1776 551 1837 sit
563 1778 580 1835 ‚2
594 1777 647 1837 illo
658 1776 808 1854 profitente
820 1778 980 1859 cognoscit.
990 1775 1059 1838 Va-

383 1857 431 1919 tiae
446 1854 513 1916 hine
525 1855 713 1934 cogitationes
727 1856 852 1916 invicem
867 1857 998 1917 animum
1009 1856 1057 1915 di-‘

383 1955 465 1995 versa
487 1935 643 2014 agitantem
667 1955 896 1996 commoverant.
918 1935 1060 1997 Meritum

382 2013 483 2092 ingens
494 2015 522 2073 in
534 2031 622 2072 semet
636 2032 696 2074 esse
710 2015 859 2086 credebat,
877 2015 953 2092 quod
964 2033 1061 2075 trans-

381 2091 450 2172 iuga
462 2112 490 2153 et
499 2094 645 2170 proditor,
663 2094 746 2154 tantis
758 2098 860 2163 rebus,
878 2096 900 2155 si
913 2093 1033 2155 vixisset
1048 2131 1060 2163 ,

382 2171 536 2251 injecturus
552 2193 684 2241 moram,
703 2173 863 2235 interfectus
876 2192 966 2234 esset:
982 2193 1059 2234 con-

384 2268 428 2313 tra
439 2251 547 2311 facinus
557 2251 655 2331 ingens
666 2256 938 2322 aversabatur,cum
947 2252 1060 2330 optime

382 2330 518 2391 metitum
536 2331 570 2389 de
589 2332 670 2408 ipsa,
693 2334 892 2405 communium
907 2350 1060 2409 parentem

382 2411 560 2477 liberorum,
578 2430 628 2487 per
641 2411 753 2470 insidias
765 2411 960 2472 interemisset.
976 2411 1061 2472 Vicit

383 2506 481 2549 tamen
496 2490 616 2568 gratiam
634 2490 748 2557 meriti,
768 2492 879 2550 sceleris
896 2489 1029 2550 atrocitas
1046 2529 1058 2558 ,

381 2568 596 2645 denuntiarique
609 2569 710 2648 jussit,
727 2586 759 2629 ut
772 2569 918 2629 excederet
933 2567 1060 2640 eastrisv3

381 2667 435 2707 neu
453 2646 576 2708 licentio
593 2646 714 2708 barbaro
732 2646 872 2727 exemplar
889 2649 918 2708 in
936 2646 1059 2708 Graeco·

383 2747 445 2787 rum
466 2747 575 2795 mores,
600 2744 628 2785 et
648 2726 728 2786 mitia
747 2726 862 2806 ingenio
883 2724 1064 2802 transferret.

385 2804 475 2866 Dahae
484 2806 650 2883 Spitamenis
658 2807 732 2866 caede
742 2805 1062 2883 compertaDarapher·

384 2904 440 2944 nen
452 2926 462 2956 ,
478 2886 643 2962 defectipnis
653 2886 713 2955 eius
724 2888 891 2964 participem
902 2925 912 2955 ,
925 2886 1059 2945 vinctum

385 2964 551 3028 Alexandro
564 2986 647 3045 seque
657 2964 773 3029 dedunt,
782 2966 836 3028 lile
850 2964 977 3027 maxima
987 2984 1062 3045 prae-
