2625 4017
416 546 611 614 LIBER
660 546 736 614 IX.
850 553 914 627 ‘507'

238 659 354 731 {empus
369 671 451 725 esse3
469 651 563 713 media
575 667 661 711 nocte
677 690 687 719 ‚
705 653 736 711 rit
748 663 845 711 aestum
861 669 916 711 oc-

237 738 375 808 impares,
388 752 454 791 cum
463 751 558 807 paucis
566 751 686 820 navigiis
694 730 817 791 secundo
829 749 917 790 amne

241 809 370 871 defluxit.
391 810 564 887 Evectusque
582 830 616 869 os
635 809 695 888 ejus
712 808 915 901 quadringenta
1004 885 1007 890 .

239 889 333 956 mdia
351 890 485 966 processit
500 889 528 947 in
545 909 646 958 mare,
663 890 779 979 tandem
795 887 855 949 voti
872 888 916 948 sui

241 987 385 1045 compos:
399 968 612 1045 praesidibusque
629 967 716 1026 maris
735 984 763 1027 et
780 968 916 1027 locorum

243 1044 309 1107 Diis
320 1047 458 1108 sacrificio
468 1047 565 1115 facto,
582 1046 621 1105 ad
626 1046 745 1107 classem
758 1045 851 1106 rediit.

242 1130 372 1189 chr
388 1125 429 1188 X.
448 1126 527 1185 Hinc
544 1125 692 1186 adversum
709 1124 815 1184 flumen
831 1122 916 1185 subiit
960 1153 964 1163 ·

242 1204 359 1275 classis3
381 1223 410 1265 et
422 1206 513 1264 altero
523 1205 568 1264 die
581 1205 697 1295 appulsa
709 1222 749 1264 est
760 1202 834 1263 haud
845 1223 914 1279 pro·

243 1284 294 1345 cul
315 1284 379 1344 lacu
400 1285 495 1352 salso,
518 1284 598 1360 cujus
613 1284 712 1375 ignota
734 1302 831 1342 natura
851 1282 916 1358 ple-

244 1383 347 1440 rosque
372 1362 483 1453 decepit
506 1373 612 1423 temere
636 1363 777 1454 ingressos
800 1381 918 1439 aquam.

242 1439 363 1521 Quippe
383 1441 488 1502 scabies
506 1461 627 1519 corpora
648 1441 772 1509 inuasit,
793 1459 822 1500 ct
842 1460 919 1506 con·

242 1536 272 1580 ta
303 1543 353 1580 um
366 1521 458 1580 morbi
471 1522 557 1580 etiam
572 1520 602 1579 in
613 1519 686 1580 alios
699 1520 847 1609 vulgatum
859 1535 919 1581 est.

243 1521 357 1659 Odium
367 1599 494 1658 remedio
504 1599 566 1660 fuit.
576 1598 727 1658 Leonnato
738 1598 836 1658 deinde
846 1617 918 1673 prae·

243 1676 354 1747 misso,
377 1696 410 1738 ut
432 1695 533 1755 puteos
557 1676 688 1746 foderet,
713 1698 767 1754 qua
795 1675 919 1742 terrestri

242 1755 345 1824 itinere
383 1757 515 1847 ducturus
542 1755 701 1815 exercitum
733 1755 916 1847 videbatur.)

243 1856 293 1914 qur
295 1855 349 1913 ppe
369 1835 443 1896 sicca
462 1853 521 1897 erat
536 1835 637 1914 regio;
657 1836 717 1912 ipse
737 1824 806 1894 cum'
825 1833 918 1912 copiis

242 1914 384 1984 substitit,
407 1924 526 1976 vernum
544 1932 654 1991 tempus
671 1933 844 1991 exspectans.
865 1915 915 1973 In

242 1992 328 2056 terim
340 2009 368 2052 et
378 1997 459 2054 urbes
472 1995 616 2084 plerasque
630 1993 765 2054 condidit.
779 1992 919 2054 Nearcho

243 2089 329 2165 atque
344 2071 507 2133 Onesicrito
523 2071 640 2131 nautica:
657 2072 695 2131 rei
711 2071 806 2147 peritis
821 2072 917 2148 impe·

241 2151 341 2221 eavit,
363 2168 393 2209 ut
413 2148 604 2210 validissimas
621 2148 734 2210 nauium
752 2147 919 2209 deducerent

243 2229 277 2292 ῐιι
291 2191 451 2298 Oceanum,
467 2225 662 2317 progressique
676 2226 763 2304 quoad
779 2243 836 2285 ιιιιο
849 2247 918 2307 poss·

243 2324 328 2379 sent,
350 2326 476 2368 naturam
488 2326 572 2402 inpiis
588 2324 753 2365 noscerent.
748 2304 812 2364 wel
823 2304 918 2368 eodem

243 2407 348 2457 amne,
366 2385 412 2447 vel
426 2374 566 2523 Euphiate
576 2382 668 2443 subire
680 2404 725 2442 eor
736 2403 838 2474 posse,
856 2403 918 2448 cum

244 2484 349 2530 reverti
344 2463 398 2523 nd
411 2485 441 2524 re
451 2462 509 2525 vell
509 2481 565 2525 enr.
581 2464 702 2539 Jamque
714 2464 842 2553 mitigata
854 2462 918 2527 hies

244 2565 316 2614 me,
330 2561 358 2603 et
372 2545 510 2612 navibus,
527 2564 587 2619 quae
602 2542 715 2613 inutiles
731 2541 917 2610 uidebantur,

243 2622 395 2691 ¹crematis,
414 2640 486 2681 terra
502 2623 621 2681 ducebat
636 2622 804 2682 exercitum.
822 2619 918 2682 Nonis

239 2703 343 2763 castris
360 2703 389 2760 in
406 2702 554 2780 regionem
568 2699 771 2771 Arabitamm3
786 2698 850 2758 inde
867 2717 917 2759 roe

244 2780 335 2844 tidem
363 2780 489 2839 diebus
481 2801 511 2838 ιιι
536 2776 742 2837 Cedrosiorum
768 2780 918 2857 regionem

246 2876 414 3006 perventum
430 2874 479 2917 est.
494 2857 578 2917 Liber
593 2856 639 2917 hic
654 2856 774 2934 populus
789 2857 918 2925 concilio

245 2939 346 3019 lubitu
368 2936 472 3010 dedidit
491 2956 546 3018 se,
567 2956 622 3009 nes
640 2936 817 3104 quidpiam³
817 2936 918 3010 deditis

759 3056 778 3102 ¹²
806 3054 818 3120 i
