2625 4017
427 548 618 617 LIBER
667 551 762 630 IX..
864 565 923 638 501

254 653 324 718 'dum
346 654 438 716 amnis
461 677 515 726 os,
542 677 626 733 quam
646 655 755 732 patiens
774 653 927 737 longarum

253 757 373 797 nautum
394 753 484 804 esset,
507 756 610 813 anceps
632 754 661 795 et
683 756 755 795 caeca
777 754 929 797 aestrmacto

252 817 453 895 augurabatur.
473 816 576 875 Unum
593 833 652 876 erat
669 816 834 876 nemeritatit
850 816 927 877 cola·

253 896 329 955 tium
344 912 478 972 perpetua
494 896 624 956 felicitas.
644 894 711 960 Jam
728 916 820 956 cccc
839 896 929 957 stadia

252 992 466 1052 processeran13
488 996 553 1035 cum
564 977 767 1056 gubernatores
776 994 927 1055 agnoscere

253 1054 332 1131 ipsos
348 1073 444 1113 aurum
462 1053 573 1124 muris,
596 1072 624 1113 et
640 1052 713 1114 haud
724 1052 820 1135 procul
836 1053 927 1115 videri

253 1130 311 1192 sibi
325 1127 466 1192 Oceanum
479 1131 597 1203 abesse,
613 1134 738 1196 indicant
746 1134 817 1215 regi.
834 1132 927 1195 Laetut

252 1211 305 1272 ille
327 1210 434 1272 hortari
456 1214 585 1274 nauticos
609 1214 715 1291 coepit,
739 1212 928 1273 incumberent

251 1289 349 1351 remis.
371 1290 478 1351 Adesse
484 1290 575 1371 finem
591 1290 694 1352 laboris
711 1291 836 1353 omnibus
852 1290 927 1353 uotis

251 1369 414 1450 expetitum.
431 1370 496 1434 Jum
512 1370 585 1431 nihil
592 1370 695 1451 gloriae
710 1370 830 1443 deesse;
853 1368 927 1431 nihil

253 1447 364 1509 obstare
382 1448 481 1509 virtuti
503 1450 591 1511 :sine
611 1448 667 1511 ullo
688 1449 796 1511 Martis
818 1448 926 1510 discri-

251 1527 348 1597 mine,
372 1528 434 1589 sr‘ne
452 1530 589 1608 sunguine
607 1528 697 1589 orbem
714 1547 796 1591 retrae
813 1529 847 1589 ab
865 1527 927 1589 illis

252 1608 327 1687 cupi.
355 1606 403 1668 Ne
429 1627 557 1668 naturum
577 1607 686 1687 quidem
712 1608 822 1688 longius
841 1627 927 1688 porse

246 1685 409 1768 procedere.
428 1686 512 1747 Brevi
533 1686 676 1767 incognita
689 1687 745 1747 nisi
764 1684 927 1747 immortnlr)

252 1766 304 1827 buc
329 1787 391 1826 esse
413 1765 535 1826 uisuros.
557 1766 668 1827 Paucos
688 1784 783 1827 tamen
807 1765 927 1848 navigio

250 1846 347 1908 emisit
363 1847 392 1905 in
405 1846 516 1923 ripam,
538 1847 586 1924 qui
603 1865 725 1927 agrestes
742 1868 830 1927 vagos
845 1844 924 1907 exci-

248 1943 370 2005 perent3
389 1946 405 1986 e
420 1928 519 2004 quibus
535 1926 656 1986 certiora
671 1927 752 1987 nosci
766 1940 847 2004 posse
862 1945 927 2003 spe·
983 1933 989 1942 '

249 2008 342 2067 rabat.
357 2005 403 2065 Illi
416 2006 531 2067 scrutati
544 2007 642 2067 omnia
657 2008 790 2086 tuguria,
809 2005 924 2067 tandem

248 2085 369 2145 latentes
394 2104 546 2161 reperere,
573 2086 621 2162 qui
649 2085 816 2166 interrogati
843 2103 925 2162 quam

246 2161 345 2246 procul
356 2162 466 2222 abesset
476 2164 574 2223 mare?
585 2164 808 2299 reffonderunt,
820 2160 933 2223 nullum

248 2243 327 2323 ipsos
345 2260 418 2300 mare
430 2261 465 2301 ne
476 2240 558 2316 fama
574 2242 619 2321 qui
641 2262 682 2302 em
695 2240 860 2324 accepisse:
877 2260 926 2299 ce·

249 2340 340 2395 rerum
360 2318 440 2380 tertio
458 2318 503 2381 die
519 2320 658 2401 perveniri
673 2320 809 2403 possead
827 2339 925 2397 aquam

247 2420 397 2470 amarum,
420 2420 480 2480 quae
498 2418 682 2480 corrumperet
701 2398 820 2463 dulcem.
835 2399 925 2459 Intel-

246 2482 356 2542 lectum
369 2498 410 2541 est
422 2502 500 2541 mare
511 2481 642 2540 destinari
655 2483 691 2541 ab
704 2481 807 2563 ignaris
819 2499 928 2539 naturae

248 2561 322 2639 ejus.
339 2563 437 2638 Itaque
456 2561 564 2641 ingenti
583 2561 728 2621 alacritate
747 2559 853 2620 nautici
875 2578 923 2618 re·

195 2696 200 2707 ,
246 2643 377 2722 migant‚
392 2657 421 2700 et
433 2642 566 2718 proximo
579 2662 692 2719 quoque
702 2640 764 2710 die,
788 2660 845 2717 qno
856 2658 925 2716 pro·

245 2720 309 2797 pius
331 2740 392 2798 spes
415 2722 643 2790 admovebatur,
676 2722 818 2780 crescebat
841 2718 927 2778 ardor

246 2802 421 2859 animorum.
438 2801 540 2861 Tertio
553 2801 611 2871 iarn
621 2800 666 2861 die
677 2801 799 2860 mixtum
810 2796 925 2858 flumini

245 2880 358 2944 subibat
368 2900 466 2950 mare,
483 2882 542 2941 leni
553 2879 644 2941 adhuc
656 2897 721 2941 aestu
733 2878 927 2940 confundente

243 2958 366 3038 dispares
377 2960 476 3026 undat.
493 2961 573 3023 Turn
585 2962 673 3029 aliam
689 2960 811 3024 itrtularn
823 2957 924 3021 medio
