2625 4017
439 571 489 649 tri
520 595 555 657 Q.
591 571 781 646 cunrrtru
832 593 862 647 t.
895 593 917 647 r.
988 605 1003 661 φ

327 683 409 735 infanti
434 681 592 740 nutritores,
614 696 688 747 arque
709 682 858 749 pedagogi,
882 682 1005 741 Leonides

327 749 484 817 Olympiadis
494 747 648 815 propinquus
657 785 665 808 ,
674 762 701 799 et
709 750 866 817 lysimachus
876 751 1003 807 Acarnan.

325 818 455 884 Philippus
469 816 579 868 nationis
588 815 697 879 ejusdem
708 817 815 879 adjectus
826 854 833 877 ,
853 818 894 884 qui
905 819 1003 873 ualetu-¹

326 888 404 937 dinem
420 883 494 952 pueri
509 895 605 950 regeret
620 900 627 934 ε
645 883 781 935 Hellanicae
793 892 801 945 (
812 886 933 964 Dropidis
948 903 1002 941 erat

282 975 287 987 ·
325 953 390 1012 lilia,
405 969 436 1003 ex
445 950 628 1002 illustrioribus
638 952 802 1002 Macedonum
818 953 933 1016 feminis)
944 957 1001 1007 cor-'

325 1019 388 1086 poris
402 1035 430 1072 et
446 1023 546 1070 motuni
561 1031 629 1069 tecta
643 1019 759 1083 temperie
774 1021 882 1083 probate
897 1022 1000 1075 nutricii

325 1104 408 1138 munus
427 1085 605 1136 demandatum
621 1097 668 1138 est.
685 1086 740 1136 Hac
758 1103 812 1136 curs
827 1104 919 1165 paucos
936 1089 1000 1144 intre

329 1172 400 1206 anuos
412 1154 534 1204 effectum
543 1165 598 1212 est,
615 1151 759 1214 etiamtum
771 1154 884 1217 polliceri
900 1156 1001 1208 videre·

329 1236 364 1273 mr
372 1238 430 1272 eum
441 1237 528 1287 regem
539 1235 628 1285 ,quem
638 1221 797 1283 postmodum
810 1221 935 1280 exhibuir3
945 1240 1000 1275 riam

327 1290 383 1341 etin
397 1285 539 1354 puerilibus
548 1286 665 1338 membris
673 1285 810 1339 indomitus
825 1286 948 1339 eminebat
962 1289 1002 1341 vi·

326 1374 387 1423 gor3
406 1371 434 1407 et
443 1353 541 1406 eximie
553 1352 647 1405 indolis
657 1371 800 1421 argumente
817 1370 913 1407 etatem
924 1357 1001 1424 longe

327 1438 504 1489 prevenerrnt.
518 1422 648 1473 Excellens
661 1422 745 1473 norim
756 1436 781 1473 et
790 1422 896 1489 genuina
913 1440 1002 1475 venus·

327 1505 374 1543 tate
393 1488 535 1555 eorporis,
560 1490 655 1539 cultum
675 1491 869 1554 aspemabaru13
890 1491 999 1544 Anxium

324 1560 410 1625 ferme
428 1573 517 1610 eurum
531 1556 634 1620 feminis
649 1560 775 1611 convenire
795 1556 928 1617 dictitant,
947 1563 999 1628 quae'

329 1628 392 1679 nullo
402 1627 454 1677 alie
463 1627 520 1675 dote
528 1639 594 1689 eque
605 1626 850 1676 commendarentur:
864 1628 885 1678 ri
894 1625 999 1681 virtutis

326 1694 397 1761 potiri
414 1690 576 1759 contigisset,
594 1691 655 1741 satis
673 1710 698 1745 se
711 1694 840 1762 speciosum
852 1693 918 1758 fore.
940 1691 998 1745 Fuit

329 1775 406 1811 aetem
419 1774 478 1808 eum
495 1754 663 1817 adolevisset,
679 1760 742 1818 iusta
760 1760 925 1809 membrorum
936 1777 998 1824 pro·

328 1827 441 1891 portione
451 1823 617 1889 conspicuus,
629 1826 728 1878 artubus
739 1824 847 1877 robustis
856 1862 863 1886 ,
872 1827 999 1894 probeque

328 1892 462 1959 compactis
479 1910 487 1942 ε
503 1889 530 1941 vi
547 1906 645 1951 tamen,
667 1911 737 1959 quam
757 1893 838 1957 speeie
860 1892 970 1945 validior
987 1903 997 1962 ς

326 1960 413 2027 quippe
431 1958 548 2023 corporis
562 1958 613 2018 eius
628 1959 726 2011 habitus
742 1958 806 2011 intra
823 1961 997 2024 proceritatem

328 2029 403 2081 setin
424 2030 519 2080 Cutem
540 2023 625 2076 habuit
646 2027 792 2087 candidam,
813 2027 859 2077 nisi
882 2030 949 2095 quod
971 2028 998 2081 itt

327 2097 411 2159 melis,
427 2095 538 2159 itemque
548 2109 651 2158 pectore
666 2131 673 2155 ,
686 2110 758 2162 grato
770 2094 858 2146 rubore
872 2096 997 2146 suffunde·

327 2166 392 2218 batur
406 2183 414 2217 ι
430 2161 551 2226 capillum
565 2161 677 2221 flavum,
694 2162 784 2214 leniter
799 2162 917 2214 intortum
932 2183 939 2215 r
956 2181 998 2215 ne·

327 2251 374 2285 sum
391 2229 529 2297 aquilinum
541 2247 547 2279 :
559 2229 647 2280 oculos
663 2230 760 2290 varios,
778 2247 833 2281 nam
843 2232 916 2281 laevus
925 2233 997 2298 glau-

326 2318 364 2353 cus
379 2300 456 2352 scrisse
467 2296 593 2356 traditur,
611 2298 692 2348 altero
702 2298 847 2365 nigerrimo.
862 2303 943 2351 luerat
954 2318 996 2350 au·

324 2383 372 2421 rem
380 2366 443 2434 ipsis
453 2367 554 2417 occulta
561 2366 668 2430 quedam
677 2365 730 2426 vis,
742 2382 769 2417 ut
776 2366 827 2417 sine
836 2364 996 2420 veneratione

325 2452 394 2504 atque
410 2436 515 2485 horrore
531 2432 638 2498 quodam
652 2432 800 2485 intuentium
815 2451 866 2484 non
880 2433 998 2498 adspice-

323 2521 395 2557 rerur.
412 2500 564 2553 Pernicirate
580 2503 671 2563 pedum
685 2501 824 2553 admirabili
842 2500 906 2558 suir3
923 2518 995 2565 quam

323 2589 348 2623 ut
360 2587 454 2638 magne
463 2569 489 2620 in
500 2566 699 2632 expeditionibus
710 2568 842 2625 utilitatis,
862 2567 936 2619 ctiam
952 2585 995 2622 ret

321 2656 369 2690 uon
386 2637 475 2690 omisit
487 2651 617 2697 exercere,
635 2654 744 2702 sepeque
757 2655 812 2687 cum
827 2634 994 2687 velocissimir

319 2724 419 2759 suorum
431 2723 502 2757 eursu
514 2718 609 2754 certare
624 2704 692 2755 visus
702 2720 755 2756 est:
768 2702 885 2768 patientia
899 2705 993 2757 laboris

318 2792 390 2839 supra
405 2772 480 2823 fidem
495 2770 602 2831 crimin
620 2789 666 2836 qua
680 2788 740 2838 saepe
754 2790 817 2831 una,
836 2771 994 2823 difficillimis

318 2840 491 2906 temporibus,
504 2838 551 2890 sibi
564 2838 760 2905 exercitibusque
770 2840 818 2891 suis
834 2841 938 2891 salutem
951 2858 994 2904 pe·

316 2908 393 2975 perir.
418 2904 642 2972 Exercitationibus
667 2906 776 2967 crebris,
796 2923 822 2957 et
842 2905 993 2969 calidissimo

316 2973 432 3043 eorporis
439 2973 575 3040 temperie,
586 2974 650 3026 adeo
660 2972 778 3040 quidquid
789 2972 874 3025 vitiosi
881 2973 992 3052 humoriq

316 3046 363 3100 tob
383 3058 440 3097 eure
453 3041 544 3110 colligi
559 3039 644 3103 soler,
663 3042 839 3162 expugusvltq
849 3057 877 3121 ur
891 3057 991 3094 mirem

856 3127 883 3159 iv
