2625 4017
410 559 449 635 n
515 549 554 627 J.'
577 569 766 634 FREINSH.
801 543 1008 632 sunnis-nn.⁸

415 664 457 728 qui
468 681 593 715 censerent
604 703 611 724 ,
628 668 714 717 omisso
723 667 826 718 Graecia
835 685 893 718 eura
904 702 911 724 ‚
931 683 1021 732 quanta
1027 663 1105 738 pos-'⁹

415 748 451 782 set
466 736 564 784 ienitate
584 735 715 795 deficientes
736 733 850 784 barbaros
864 736 888 784 in
906 736 980 798 officio
1003 740 1091 788 conti·

415 802 502 849 nendos
519 818 567 852 esse
577 822 585 848 .-
596 816 722 866 postquam
739 802 945 852 intestinr'motus
960 806 1085 854 consedis-

337 886 342 894 ·
414 882 489 921 sent,
513 869 640 935 longinqua
651 869 756 931 facilius
770 870 965 945 compositurum.
989 872 1102 936 Verum,

414 932 555 981 adolescens
565 932 655 997 insigni
666 933 739 983 animi
748 933 932 999 magnitudine,
942 951 1013 987 cauta
1023 953 1090 988 con·-

414 998 470 1047 silia
490 1016 535 1064 pro
552 1000 648 1066 ignavis
663 1000 814 1053 fastidiebat.
837 1006 952 1070 Perpetuo
972 1007 1082 1057 omnium

413 1070 543 1117 contemtui
558 1068 685 1119 obnoxium
695 1071 773 1134 fore,
794 1072 816 1120 si
830 1072 856 1120 in
873 1070 993 1138 principio
1010 1074 1085 1140 regni

414 1133 507 1200 impune
522 1153 545 1186 se
558 1137 637 1201 sperni
648 1152 782 1204 pateretur.
808 1137 848 1187 Ad
866 1153 957 1187 omnem
972 1138 1082 1207 deinceps

411 1203 491 1251 vitam
501 1204 638 1269 pertinere,
653 1207 748 1268 'qualem
762 1205 789 1254 de
804 1222 828 1256 sc
842 1205 971 1272 opinionem
984 1206 1009 1254 in
1026 1209 1083 1257 ani-

413 1267 587 1320 misdoniinum
597 1270 710 1335 incipiens
720 1272 850 1337 imperator
859 1273 956 1322 excitet.
973 1272 1084 1342 Philippi

391 1364 393 1368 ι
412 1352 491 1386 necem
500 1338 565 1398 'hand
573 1337 723 1406 megitodi,
740 1354 809 1405 qnam
820 1336 945 1390 rebellibus
959 1337 1081 1406 inexspec-

410 1419 491 1454 tatum
506 1404 621 1455 accidisse
638 1424 646 1449 :
665 1406 810 1472 trepidantes
823 1407 898 1456 adhoc
917 1439 924 1461 ‚
942 1419 966 1456 et
981 1407 1090 1460 considii'.

414 1472 521 1520 incertos
533 1472 603 1522 nollo
617 1473 711 1542 negotio
727 1473 827 1539 opprimi
838 1490 905 1539 posse
919 1488 978 1538 :per
991 1473 1081 1525 Mace-

409 1538 499 1587 donum
511 1540 686 1589 minorationem
696 1540 758 1606 erigi
770 1540 894 1591 seditionis
907 1552 1038 1602 auctores,·
1054 1557 1089 1592 π’

408 1605 451 1669 cni
467 1606 614 1666 nuncetiam
627 1619 741 1657 nutarent
754 1607 1097 1667 animis‚tnmndtuantidus'

409 1688 552 1722 accessuros.
567 1672 606 1722 Ita
622 1688 706 1723 contro
714 1676 1019 1739 paratosconfirmatosoue
1033 1673 1096 1725 ‹an-x

404 1756 461 1804 ceps
470 1741 597 1790 discrimen
603 1740 751 1791 subeundum
761 1758 767 1791 s
777 1758 839 1791 nnnc
846 1741 978 1793 celeritatis
986 1744 1080 1809 magis,

408 1822 480 1871 fuam
493 1808 585 1857 virium
593 1824 712 1858 certarnen
720 1825 777 1859 esse·
791 1808 859 1869 Quod
868 1808 889 1857 si
899 1809 1014 1857 adversos
1024 1810 1080 1858 sin-
1093 1811 1096 1816 '

406 1875 480 1939 gaios
494 1875 595 1923 andacia
609 1891 655 1924 non
671 1889 730 1925 essee
745 1895 756 1937 ;
777 1876 832 1940 qnid
847 1875 928 1926 deinde
936 1874 1078 1936 futurum,

407 1941 431 1989 oi
442 1955 531 1989 metum
546 1942 650 2005 confesso
666 1959 744 1992 omnes
758 1959 804 1993 uno
821 1944 907 2009 impetn
918 1942 1080 2008 superfunde-

408 2003 516 2059 rc'ntur?
532 2006 580 2057 His
589 2007 677 2058 deinde
691 2007 852 2073 congruentia
866 2009 896 2057 ad
905 2008 1025 2070 populum
1035 2009 1079 2059 lo-

407 2079 498 2133 cutus,
515 2074 621 2138 adjecit3
632 2072 822 2141 'effectorumsn
839 2092 866 2127 ut
876 2078 939 2127 cives
952 2076 1078 2143 hostesque

404 2140 484 2204 fcit'cri
498 2160 659 2210 cogerentur,
680 2159 757 2211 erepto
766 2160 837 2210 patre
851 2160 935 2209 corpus
949 2159 1078 2210 nomenque

406 2212 470 2278 regis
487 2226 607 2261 mutatum
625 2227 692 2272 esse;
712 2212 839 2261 consilium
860 2211 1009 2275 animumque
1027 2228 1091 2274 non

404 2278 545 2330 desiderari.
565 2279 628 2328 Eam
649 2294 729 2328 rernm
751 2279 925 2328 conversionem
945 2281 1077 2329 nonnullos

388 2369 390 2375 ·
405 2346 550 2397 occasionem
560 2345 724 2395 tumultuandi
730 2346 852 2411 putavisse
860 2363 869 2405 ,·
885 2345 924 2394 sed
938 2342 1008 2394 brevi
1021 2361 1077 2410 poe·

405 2431 449 2465 nas
465 2413 574 2463 daturos·
593 2413 667 2476 Modo
684 2413 827 2464 Macedones
844 2411 935 2462 eosdem
951 2411 1046 2461 animos
1064 2448 1074 2469 ‚

403 2477 494 2533 eo'sdcm
503 2482 606 2531 lacertos
614 2479 661 2534 sibi
668 2479 859 2537 commodarent,
873 2492 1007 2543 cuostanto
1016 2494 1073 2528 cnm
1103 2535 1108 2542 ,

402 2543 509 2616 ipponern
521 2548 621 2614 gioria,
638 2561 749 2610 tantopere
763 2546 874 2596 victorin
881 2544 988 2608 fredus,
1002 2543 1074 2609 patri

401 2632 446 2667 suo
461 2619 505 2684 pir
517 2630 554 2664 tot
566 2630 641 2666 annos
650 2612 833 2680 praestitissent.
849 2612 877 2662 dd
895 2628 938 2676 qao
949 2612 1075 2678 promtius

401 2682 553 2748 alacriusque
560 2683 672 2746 facerent
682 2699 692 2741 ‚·
708 2680 906 2755 omnitempraeter
920 2679 1075 2747 militiaeve·
1086 2681 1089 2688 '

400 2750 519 2806 tationem
528 2748 585 2815 ipsis
597 2748 730 2800 concedere·
747 2742 885 2798 Consslium
897 2743 962 2809 regis
971 2747 1074 2796 fortuna

400 2811 655 2879 comprobavit.·Non
669 2810 767 2877 segnius
776 2829 846 2876 quam
862 2813 961 2862 locutus
973 2814 1074 2870 fuerat,

325 2890 330 2896 ”
400 2882 499 2948 sissgula
518 2897 658 2945 aggressum
684 2879 839 2929 felicissimus
858 2877 966 2930 oninium
990 2877 1073 2930 exitus

399 2965 498 3005 secutus
510 2964 556 2999 est.
566 2951 597 2999 Et
606 2946 739 3011 Amyntam
746 2945 860 3011 quidem,
872 2943 1071 3011 patefactisquae
1084 2945 1087 2952 '

399 3016 444 3068 isse
458 3013 703 3074 enuxetasinsidiio,
720 3011 854 3079 occupavit
869 3034 878 3063 :
894 3013 1010 3131 Ατὲαῑιιιη
1025 3027 1073 3076 pet
1088 3013 1092 3022 '

951 3094 1070 3131 ecataeum
