2625 4017
320 548 356 586 s.
417 537 446 587 Ji
480 534 666 587 FREINSH.
700 531 889 583 SUPPLEM·

317 624 401 675 statim
416 639 473 688 post
488 621 654 674 transmissum
672 620 862 686 Hellespontum
880 619 910 670 eb
929 633 994 670 eota-

316 692 453 748 tendisser,
470 690 507 741 uti
522 706 595 753 supra
608 685 754 746 retulimus,
773 704 829 738 ante
842 692 925 736 fanum
939 685 996 736 Mi·

317 775 396 810 nervae
406 774 508 807 statuam
519 771 655 821 equestrem
667 754 735 805 humi
747 770 895 818 prostratam
904 753 972 805 vidit
983 791 993 814 ,

317 824 493 876 Ariobarzanis
509 841 552 872 ora
561 827 703 872 referentem
713 858 721 881 ,
738 821 778 887 qui
788 820 899 888 Phrygiae
908 833 992 885 quon·

317 897 373 941 dam
396 908 489 954 satrapa
513 894 600 941 fuerat.
624 892 700 955 quue
722 905 794 939 omen
817 889 992 952 interpretatus

316 958 465 1008 Aristander
480 960 599 1010 illustrem
615 972 642 1007 tx
652 959 754 1022 equestri
760 974 841 1024 pugna
855 958 990 1007 victoriam

316 1025 465 1091 promiserat
478 1024 639 1081 Alexandro,
660 1025 780 1080 maxime,
796 1026 817 1072 ri
831 1025 891 1073 haud
902 1023 994 1090 procel

317 1094 426 1160 Phrygia
441 1094 599 1142 dimicaretur
616 1111 624 1139 :
642 1090 717 1158 ipsius
733 1092 804 1139 eriam
820 1091 904 1140 dextra
921 1090 992 1140 noli-

317 1160 476 1212 remissarum
491 1161 570 1209 durem
583 1175 705 1207 casurum.
718 1157 806 1220 Neque
816 1156 906 1205 fefellit
920 1172 991 1219 spem

317 1225 382 1278 vatis
403 1241 505 1275 eventus
522 1223 614 1287 praelii,
634 1239 770 1297 stratusque
784 1221 849 1287 regis
866 1237 922 1271 ense
936 1223 995 1287 spi-

317 1287 438 1344 thiidates
453 1290 620 1356 praedictionis
639 1291 712 1340 fidem
729 1289 852 1356 implevit.
869 1288 949 1355 Igitur
964 1305 993 1340 et

317 1363 436 1423 ternplum
448 1358 555 1408 donariis
564 1357 682 1421 exquisite
691 1357 769 1407 coluit
779 1374 787 1414 ς
803 1356 902 1414 erllio,
921 1355 992 1421 quod

316 1443 369 1476 sum
394 1427 457 1475 haud
474 1422 578 1474 multum
597 1442 669 1487 supra
686 1424 779 1473 modici
802 1421 858 1487 pagi
881 1423 1003 1487 speciem*

317 1493 459 1550 eminebat,
481 1508 570 1541 nornen
584 1492 651 1542 urbis
667 1490 785 1542 addidit:
801 1506 874 1554 utque
890 1490 915 1539 id
933 1507 992 1541 cum

318 1560 440 1625 dignitate
453 1573 578 1615 tueretur,
595 1559 696 1623 reliquit
708 1557 748 1622 qui
764 1558 922 1607 instauranda
938 1559 997 1617 eius

318 1626 508 1690 ampliandaeque
518 1642 599 1675 curam
610 1641 709 1691 agerent
724 1642 732 1682 3
747 1625 893 1689 liberamque
909 1639 935 1675 et
945 1624 994 1674 im·

317 1710 416 1743 munem
431 1710 481 1744 esse
496 1693 575 1752 ¹iussit.
601 1696 710 1757 Cumque
726 1693 852 1741 delubrum
866 1693 924 1741 Deae
942 1708 992 1756 pro

317 1760 440 1825 religione
453 1762 505 1810 loci
522 1759 595 1809 nimis
608 1776 736 1826 angustum
752 1759 940 1824 neglectumque
953 1757 993 1809 vi·

318 1830 402 1884 dareta
421 1828 535 1877 eximium
559 1825 597 1876 illi
619 1829 738 1890 templum
759 1841 880 1875 exstruere
903 1837 993 1890 postea

316 1894 414 1945 statuit.
433 1892 480 1945 Sed
504 1896 551 1943 hoe
572 1891 667 1958 aliaque
684 1892 811 1958 magnifica
829 1892 992 1944 meditantem

315 1966 393 2012 fatum
403 1960 536 2024 occuparit
550 1978 557 2010 a
573 1976 647 2025 neque
657 1977 807 2010 successores
815 1958 910 2009 executi
920 1968 993 2012 sunt.

316 2031 433 2081 Ceterum
452 2027 495 2077 illa
511 2025 616 2077 victoria
635 2044 716 2077 totam
729 2026 814 2076 Asiam
829 2027 866 2076 bis
881 2031 990 2077 Taurum

317 2111 343 2145 er
368 2096 507 2159 Euphraten
529 2094 624 2157 aperuit
644 2094 707 2159 regi.
729 2093 842 2144 Attoniti
866 2092 991 2157 insperata

316 2163 405 2221 clade,
421 2178 471 2211 non
480 2161 559 2223 copiis
568 2163 662 2220 modo,
678 2162 720 2211 sed
730 2176 755 2210 et
765 2159 866 2210 duribus
875 2160 969 2210 amissis
981 2197 991 2220 ,

315 2229 408 2278 naham
431 2241 587 2291 preterquam
604 2227 630 2277 in
652 2228 782 2278 clementia
797 2226 901 2277 victoris
918 2244 990 2292 spem

317 2295 456 2353 habebant3
476 2309 576 2357 eamque
598 2294 709 2345 festinata
728 2294 856 2344 deditione
873 2294 991 2346 certatim

315 2361 453 2426 promereri
469 2361 620 2425 satagebant.
636 2360 767 2428 Phrygiam
783 2360 880 2410 Arsites
894 2362 990 2412 volun·

315 2430 380 2478 ratio
391 2429 457 2479 exitu
467 2444 567 2478 vacuam
576 2431 670 2479 fecerat
681 2443 688 2486 ς
700 2428 721 2478 ei
733 2429 804 2479 Calas
814 2423 989 2480 Thessalorum

314 2497 405 2545 ductor
427 2494 586 2559 preponitur.
608 2499 643 2545 Er
663 2494 785 2546 montanis
805 2511 901 2559 quoque
922 2494 990 2547 locis

314 2561 425 2626 plerique
439 2563 617 2612 descenderunt
625 2578 697 2626 seque
708 2577 733 2612 et
741 2579 782 2612 sua
798 2562 914 2611 dedentes
924 2563 990 2613 Ale-

314 2631 418 2679 xandro.
434 2630 483 2679 Eos
497 2628 523 2678 in
536 2628 609 2679 fidem
623 2645 738 2693 acceptos
751 2630 851 2679 domum
867 2628 964 2679 remisit
979 2647 988 2682 t

314 2695 453 2759 Zelitisque
463 2694 580 2760 ignorit,
595 2713 656 2761 quos
672 2714 685 2744 a
700 2695 891 2764 Persis-coaetos
901 2694 991 2748 adver·

315 2779 356 2811 sus
374 2761 453 2825 ipsam
469 2762 587 2812 militasse
603 2778 765 2827 cognoverat.
786 2762 916 2812 'tributum
934 2779 991 2822 orn-

313 2827 386 2880 uibus
402 2826 544 2891 impositum
558 2845 612 2887 ert,
636 2831 703 2893 quod
717 2829 794 2880 Dario
807 2830 915 2894 pendere
928 2845 990 2879 eon·

313 2894 452 2946 stravissent
471 2912 478 2945 :
499 2894 572 2958 idque
590 2910 677 2959 postea
692 2910 835 2948 constanter
851 2896 962 2948 servavit
979 2933 991 2958 ,

313 2977 373 3023 rum
389 2975 482 3015 ceteras
491 2960 558 3015 Asia
570 2962 686 3033 regiones
698 2963 835 3034 subigeret.
845 2964 927 3014 Omne
939 2980 988 3030 pe-
