2625 4017
397 563 459 625 '⁴1²
571 548 908 628 ·Q.·CURT11
1045 618 1047 621 ,

400 651 537 711 offerente
550 648 722 726 Lysimacho
735 689 745 719 ,
764 670 817 710 nec
828 669 924 710 tamen
936 668 967 723 ut
978 650 1078 733 digres-

400 733 512 791 deretur
523 751 539 788 a
552 750 617 807 rege
630 727 703 788 effici
714 730 828 808 potuit,
845 752 910 789 cum
923 732 1015 804 lorica
1028 735 1077 791 in-

398 813 479 873 dutus
490 830 568 874 arma
580 826 712 887 gestaret.
734 808 813 883 Idem
824 829 889 869 cum
900 831 1073 886 perventum

397 906 470 951 esset
486 889 629 958 insalsum
642 929 652 954 ,
679 886 707 945 in
720 908 777 963 quo
788 909 816 948 se
829 890 937 948 barbari
954 891 1074 963 abdide-

396 984 482 1034 rant,
506 968 633 1026 nobilem
650 966 735 1034 edidit
748 988 872 1047 pugnam
886 989 895 1039 ;
914 986 1071 1049 regemque

364 1067 366 1071 ⁴
396 1048 527 1121 eominus
546 1068 611 1105 cum
631 1044 711 1105 hoste
729 1045 911 1107 dimicantem
929 1048 1069 1123 proterit,

395 1127 451 1188 Sed
462 1143 610 1204 postquam
621 1124 730 1186 barbari
741 1125 770 1183 in
782 1124 878 1204 fugam
894 1126 972 1185 effusi
986 1127 1069 1186 dese-

395 1227 477 1277 tuere
488 1207 570 1264 silvas
581 1245 592 1272 ‚
611 1205 740 1271 animus,
760 1206 806 1279 qui
818 1207 845 1262 in
857 1205 956 1266 ard-ore
966 1227 1069 1286 pugnae

394 1306 497 1362 corpus
509 1300 728 1349 sustentaverat,
748 1283 830 1359 liquit
845 1305 853 1354 3
867 1284 1017 1361 subitoque
1029 1304 1068 1344 ex

395 1370 527 1424 omnibus
540 1363 674 1421 membris
687 1360 803 1438 profuso
815 1362 936 1434 sudore,
956 1364 1066 1423 arboris

392 1443 533 1521 proximat
544 1440 629 1517 stipiti
642 1461 671 1500 se
682 1441 827 1517 applicuit.
838 1441 951 1514 Deinde
961 1461 998 1500 ne
1012 1443 1065 1506 illo

392 1522 508 1598 quidem
533 1520 706 1581 adminiculo
730 1521 903 1589 sustinente,
934 1522 1066 1597 manibus

391 1603 465 1682 regis
477 1618 611 1676 exceptus
623 1616 664 1659 est
675 1599 772 1666 ,inter
784 1619 851 1675 quas
862 1600 1004 1677 collapsus
1015 1621 1067 1660 ex-

392 1681 539 1760 tinguitur.
558 1680 693 1740 utoesrum
709 1698 805 1756 regem
823 1678 893 1737 alius
905 1677 978 1748 haud
992 1680 1065 1749 levis

393 1761 478 1832 dolor
496 1760 617 1834 excepit.
635 1757 763 1836 Erigyius
779 1758 853 1815 inter
870 1757 963 1820 claros
980 1758 1067 1830 duces
1113 1767 1116 1770 ’

390 1840 503 1909 fuerat3
521 1858 607 1912 quem
622 1837 778 1908 extinctum
797 1856 855 1894 esse
870 1837 957 1913 paulo
973 1855 1040 1912 ante
1052 1879 1065 1906 ,

391 1938 478 1995 quam
505 1934 690 1980 reverteretur
716 1916 745 1973 in
773 1931 883 1985 castra,
911 1917 1066 1995 cognovit,

390 1996 547 2071 Utriusque
565 1994 647 2053 funus
660 1992 740 2053 omni
757 2010 893 2072 apparatu
904 2015 989 2073 atque
1007 1994 1065 2058 ho*

388 2095 460 2145 nore
472 2076 645 2133 celebratum
657 2091 710 2133 est.

431 2153 508 2215 Cra.
522 2152 574 2211 111.
585 2150 682 2211 Dahas
693 2148 791 2209 deinde
800 2167 932 2226 statuerat
941 2166 1038 2227 petere
1050 2172 1061 2223 ς

388 2234 429 2296 ibi
448 2249 571 2308 namque
591 2231 771 2307 Spitamenen
793 2250 851 2291 esse
871 2248 1063 2311 cognoverat·

387 2316 444 2376 Sed
453 2313 528 2371 hanc
543 2331 655 2388 quoque
673 2308 907 2386 expeditionem,
924 2327 956 2371 ut
967 2312 1064 2387 plera·

387 2413 474 2471 taque
485 2390 540 2453 alia
550 2429 560 2459 ‚
570 2390 681 2449 fortuna
693 2388 864 2469 indulgendo
876 2390 903 2462 ei
913 2411 1062 2468 nunquam

386 2475 521 2553 fatigata,
539 2490 592 2545 pto
602 2472 715 2528 absente
726 2469 869 2548 transegit.
882 2468 1062 2545 Spitamenes

294 2615 296 2619 ,
386 2571 484 2622 uxoris
501 2548 658 2609 immodico
676 2565 775 2610 amore
793 2546 928 2627 flagrabat
943 2570 951 2620 ;
972 2569 1062 2625 quam

386 2643 458 2711 ae'gre
469 2630 588 2708 fugam,
608 2645 635 2686 et
651 2647 727 2686 noua
745 2627 859 2692 subinde
876 2626 964 2687 exilia
981 2628 1060 2686 tole-

385 2728 518 2781 rantem,
540 2706 568 2765 in
582 2727 670 2765 omne
683 2705 832 2764 discrimen
853 2706 991 2765 comitem
1002 2724 1061 2764 tra-

385 2790 482 2855 hebat.
495 2786 548 2846 Illa
559 2786 640 2844 malis
653 2784 768 2863 fatigata
783 2784 935 2845 identidem
953 2786 1061 2849 mulie-r·

384 2872 448 2947 pres
461 2866 591 2927 adhibere
605 2866 773 2935 blanditias3
795 2880 825 2921 ut
840 2856 948 2942 tandem
955 2860 1060 2942 fugam

385 2948 519 3024 sisteret,
533 2944 700 3025 tutorisque
712 2940 869 3018 Alexandri
884 2940 1062 3020 clementium
