2625 4017
438 538 633 608 LIBER
678 542 755 610 IV.
877 565 934 623 ¹57

257 695 933 818 ermentrudae
1011 725 1021 745 ·

293 881 891 967 LIBERQUARTUS.

420 1040 682 1114 carun
743 1046 770 1118 r,

262 1204 344 1364 D
359 1218 483 1263 eurus
502 1200 573 1261 tanti
591 1200 682 1261 modo
696 1202 836 1263 exercitus
855 1225 929 1297 rex!

359 1282 407 1364 qui
416 1280 611 1359 triumphantia
623 1281 734 1361 magia,
747 1302 832 1366 quam
844 1282 931 1343 dimr·

260 1379 351 1421 canas
374 1379 478 1436 more,
496 1380 579 1420 curru
594 1360 721 1419 sublimis
739 1361 838 1422 inierat
857 1382 930 1442 pra-

258 1441 359 1513 lium;
385 1459 437 1517 per
463 1439 554 1507 loca,
582 1460 642 1516 quae
667 1459 759 1521 prope
780 1440 928 1512 'immensis

257 1517 419 1602 agminibus
442 1517 656 1596 compleuerat,
679 1519 738 1598 jam
758 1519 875 1590 inania,
898 1540 928 1585 et

256 1596 368 1678 ingenti
392 1596 542 1660 solitudine
569 1615 645 1658 vasta
674 1598 808 1677 fugiebat.
839 1599 925 1662 Pauci

255 1696 355 1758 regem
363 1677 643 1753 sequebanturznam
652 1696 705 1750 nec
714 1676 815 1737 eodem
827 1698 927 1742 omnes

254 1756 355 1837 fugam
366 1752 562 1826 intenderant3
583 1773 612 1814 et
624 1755 815 1815 deficientibus
826 1758 925 1836 equis,

253 1856 370 1895 cursum
381 1854 482 1895 eorum
492 1872 502 1901 ‚
513 1852 584 1909 quos
593 1854 643 1893 rex
653 1834 769 1894 subinde
779 1839 924 1910 mutabat,

256 1933 367 1991 aequare
382 1933 442 1972 non
458 1929 600 1992 poterant.
611 1912 729 1989 Unchas
744 1913 843 1975 deinde
857 1936 923 1993 pet·-

254 1992 354 2063 venit,
374 1991 425 2051 ubi
441 2011 577 2071 excepere
589 2010 656 2051 eum
671 1990 837 2067 Graecarum
854 2017 924 2072 qua·

255 2091 322 2146 runt
332 2069 424 2131 millia
435 2094 444 2131 ε
454 2090 521 2131 cum
531 2069 630 2147 quibus
641 2070 675 2128 ad
684 2069 843 2149 Euphraten
854 2095 924 2133 conr

254 2149 365 2222 tendit3
378 2150 406 2209 id
415 2150 531 2210 demum
542 2148 655 2209 credens
665 2149 726 2208 fore
736 2150 837 2229 ipsius,
848 2153 924 2231 quod

255 2230 404 2300 eeleritate
420 2228 566 2307 praeripere
581 2229 725 2306 potuisset.
742 2231 782 2289 At
793 2231 923 2291 Alexanr

254 2310 305 2380 der
317 2306 556 2377 Parmenionem,
567 2326 619 2383 per
628 2327 713 2384 quern
723 2307 795 2385 apud
803 2308 925 2383 Damus·

254 2407 323 2465 cum
336 2404 449 2465 recepta
458 2401 519 2456 erat
526 2386 632 2464 praeda,
642 2387 746 2464 jussum
757 2404 816 2444 eam
825 2384 924 2464 ipsam,

255 2483 284 2525 et
298 2466 446 2546 captiuos,
466 2463 523 2524 dili
543 2463 600 2524 enti
618 2484 761 2523 asservare
774 2464 903 2525 custodia
912 2510 925 2542 ,

256 2544 344 2626 Syriae
353 2586 363 2614 ‚
371 2484 567 2622 quam-Caice
579 2562 702 2614 vocant,
714 2543 846 2621 prefecit.
859 2545 925 2607 No·

256 2646 327 2696 uum
338 2624 490 2702 imperium
499 2622 577 2703 syri,
586 2622 714 2688 nondum
724 2624 792 2683 belli
800 2624 925 2702 cladibus

254 2703 322 2775 satis
332 2704 436 2764 domiti
447 2745 458 2772 ,
477 2703 720 2782 aspernabantur:
738 2702 785 2762 aed
798 2703 927 2775 celeriter

254 2784 363 2844 subacti
382 2783 546 2853 obedienter
554 2782 691 2857 imperata
701 2779 837 2852 fecerunt.
849 2784 925 2843 Ara·

254 2851 306 2929 dus
319 2882 435 2944 quoque
447 2860 537 2934 insula
549 2859 657 2929 deditur
668 2859 737 2941 regi.
752 2861 927 2925 Maritimam

255 2959 318 3003 tum
338 2962 442 3013 oram,
468 2957 498 3002 et
520 2939 652 3019 pictaque
666 2938 783 3022 longius
801 2939 888 3002 etiam
909 2965 927 3004 a
