2625 4017
471 523 663 611 iiten
706 547 748 612 u.
888 557 945 626 ψ

269 670 306 716 iit
323 653 468 719 uetitas,
485 669 545 710 non
565 648 640 730 regis
660 648 772 717 modo,
790 647 837 711 sed
860 650 949 716 edam

268 730 406 794 omnium
425 730 526 789 oculos
544 729 575 788 in
595 745 685 788 semet
703 726 778 790 haud
800 729 948 796 immerito

268 810 426 873 convertit.
435 806 601 868 Semiramis
609 825 676 867 eam
686 808 947 883 condiderat-,veh
1031 869 1035 879 ,

268 909 305 952 ut
322 889 450 968 plerique
466 886 630 954 credidere,
648 886 752 955 Belus,
770 886 850 963 cuius
868 889 949 972 regia

269 968 441 1029 ostenditur.
453 967 552 1026 Murus
561 966 709 1025 instructus
725 967 864 1031 laterculo
876 988 950 1032 coo-

269 1048 339 1117 tili,
357 1046 497 1107 bitumine
516 1044 675 1113 interlitus,
694 1046 816 1123 spatium
834 1066 898 1107 xxx
917 1061 948 1110 et

269 1127 396 1189 duorum
412 1123 517 1205 pedum
539 1122 718 1184 latitudinem
738 1126 918 1202 amplectitur
934 1147 947 1186 t

268 1206 415 1286 quadrigae
428 1206 502 1264 inter
512 1221 541 1263 se
553 1220 732 1263 occurrentes
741 1204 801 1264 sine
818 1204 949 1280 periculo

268 1304 438 1358 commeare
449 1284 591 1343 dicuntur.
605 1282 738 1348 Altitudo
750 1282 824 1346 muri
834 1302 853 1348 e
865 1283 949 1346 cubi-

269 1382 370 1428 torum
385 1364 494 1424 eminet
510 1361 600 1439 spatio
615 1384 624 1422 ε
638 1379 725 1423 turiei
738 1362 817 1423 denis
832 1362 947 1439 pedibus

269 1464 360 1523 quain
381 1462 478 1503 murus
496 1443 611 1501 altiores
634 1457 709 1510 sunt.
730 1441 834 1504 Totius
852 1442 947 1520 operit

270 1521 394 1584 ambitus
415 1539 578 1581 ccccxviii
599 1520 688 1580 stadia
712 1522 946 1600 complectitur:

269 1602 450 1681 singulorum
467 1600 622 1660 stadiorum
641 1616 808 1661 structuram
828 1600 947 1692 singuiis

270 1669 370 1742 diebus
386 1679 540 1757 perfectam
557 1698 616 1738 esse
637 1680 783 1740 memorie
801 1680 947 1757 proditum

270 1776 326 1822 est.
344 1756 474 1819 AEdificia
491 1779 551 1817 non
564 1775 628 1819 sunt
639 1758 755 1817 admota
770 1758 878 1827 mutis,
896 1755 947 1820 sed

269 1840 331 1904 fere
348 1839 469 1915 spatium
490 1837 573 1898 unius
586 1836 690 1918 jugeris
712 1840 824 1900 absunt.
840 1836 886 1900 Ac
907 1855 947 1904 ne

269 1936 364 1985 totam
375 1917 489 1995 quidem
502 1917 602 1977 urbem
614 1915 695 1977 tectis
711 1933 947 1995 occupaveruntt

223 2038 225 2040 -
269 2018 322 2077 per
337 2016 377 2056 irc
394 1998 481 2058 stadia
499 1993 661 2069 habitatur;
678 2017 732 2058 nec
755 1997 853 2057 omnia
870 2017 945 2058 con-

270 2079 351 2143 tinuit
366 2094 449 2137 suntt
465 2076 571 2145 credo,
591 2076 656 2153 quia
672 2078 758 2140 tutius
772 2077 863 2138 visum
880 2096 945 2150 est,

269 2156 398 2237 pluribus
407 2155 590 2237 locisspargi.
607 2154 710 2216 Cetera
722 2175 816 2217 serunt
829 2157 945 2218 colunt-³

270 2256 349 2315 que,
363 2252 395 2296 ut
404 2236 428 2295 si
437 2251 553 2296 externa
563 2236 604 2296 vis
615 2235 745 2315 ingruat,
760 2235 877 2295 obsessis
889 2237 946 2297 ali·

271 2331 370 2378 menta
384 2334 421 2376 ex
430 2314 515 2393 ipsius
524 2314 599 2373 urbis
612 2316 676 2375 solo
688 2315 945 2380 subministrentur.

271 2393 430 2472 Euphrates
439 2391 591 2462 interfluit,
608 2412 773 2471 magnaeque
783 2392 868 2452 molis
878 2413 942 2456 cre-

271 2473 412 2553 pidinibus
425 2472 583 2534 co'e'rtetur.
601 2470 656 2532 Sed
675 2470 807 2539 omniurn
821 2491 943 2548 operuni

270 2550 498 2634 magnitudinem
511 2550 738 2613 circumveniunt
751 2569 879 2611 cavernae
892 2552 942 2613 ine
957 2574 964 2595 ·

292 2651 393 2701 entes,
412 2632 443 2692 in
454 2630 633 2693 altitudinem
643 2649 741 2707 presse
750 2629 785 2689 ad
795 2629 942 2707 accipien-

269 2653 644 2804 gum-impetumduminist
660 2707 735 2785 quod
745 2708 793 2769 ubi
807 2711 942 2787 apposita

271 2791 422 2870 crepidinis
440 2790 582 2870 fastigium
601 2788 740 2855 excessit,
768 2789 844 2850 urbis
865 2806 942 2855 tectu

270 2872 443 2948 corriperet,
466 2868 521 2931 nisi
543 2886 634 2930 essent
655 2888 754 2947 specus
775 2867 940 2945 lacusque,

271 2951 321 3039 qui
346 2950 519 3034 exciperent.
543 2948 652 3016 Coctili
678 2948 817 3016 laterculo
845 2947 942 3045 structi

788 3042 822 3117 Χ
