2625 4017
460 549 844 636 niScnrrr‘ts.
953 566 990 661 xj

315 688 338 729 tt
353 673 452 740 accipi,
467 692 597 740 negemus.
612 677 686 726 Nune
703 680 876 737 ostendemus,
890 694 935 728 nec
948 679 994 729 ali·

316 758 369 802 tet,
397 762 472 808 quam
493 744 524 793 de
547 743 700 806 Vespasiano
721 747 797 811 capi,
820 748 862 797 vel
885 747 991 803 debete,

316 814 354 862 vel
372 828 460 875 posse.
479 809 590 859 Primum
607 811 762 877 cogitemus,
781 814 894 865 Curtium
911 813 994 865 verbis

316 895 369 928 ante
392 879 480 929 allatis
507 876 615 935 dicere,
638 878 676 927 uti
700 882 762 943 apud
786 883 910 938 Grecos,
932 882 991 931 dum

315 949 396 1009 plures
416 945 540 1010 imperare
563 959 702 1007 expetunt,
727 946 840 1011 dispersae
861 952 992 1013 fractaeque

317 1018 416 1063 suerunt
431 1010 532 1075 imperii
549 1010 633 1070 vites,
650 1015 716 1077 quod
738 1016 783 1064 sub
800 1033 848 1067 uno
865 1030 929 1065 utare
943 1031 991 1079 po.

316 1079 423 1138 tuisset3
447 1078 567 1129 similiter
582 1093 666 1141 patum
685 1080 805 1141 abfuisse,
822 1082 879 1148 quin
897 1086 991 1134 Roma·

317 1163 372 1197 nunt
388 1162 473 1197 rueret
488 1144 637 1210 imperium,
653 1148 710 1197 dum
726 1151 809 1212 plures
823 1152 854 1201 de
869 1166 900 1200 eo
917 1149 991 1200 armis

319 1216 447 1263 decertant
467 1231 474 1265 ε
494 1230 522 1261 ae
540 1227 625 1262 contra
639 1216 745 1265 salutate
760 1216 851 1276 fuisse,
869 1217 935 1280 quod
953 1233 992 1268 ree

320 1282 347 1337 ad
372 1281 445 1331 unius
470 1279 610 1344 pervenerit
632 1296 783 1344 potestrtem
808 1300 815 1334 e
839 1284 905 1348 quod
926 1281 992 1334 enim

317 1365 391 1406 non,
418 1361 547 1405 utente,
571 1346 697 1398 discordia
717 1349 844 1414 trepident
863 1351 993 1408 membra,

318 1416 364 1465 hoe
386 1415 447 1465 inde
470 1430 544 1473 esse,
562 1412 619 1478 quia
635 1432 696 1465 unus
718 1433 781 1467 nunc
807 1432 894 1467 cuncta
916 1415 992 1467 rueti-

317 1497 383 1533 neat.
406 1484 488 1543 Quam
508 1496 565 1547 apte
587 1483 637 1531 hec
657 1482 745 1535 Flavio
764 1484 913 1548 Vespasiano
931 1500 992 1534 cona
1043 1498 1047 1505 ·

318 1549 446 1615 veniunt,
471 1550 502 1599 de
525 1564 575 1613 quo
597 1547 633 1599 sic
660 1549 816 1615 Tranquillus
833 1570 840 1603 ε
857 1553 992 1606 Rebellione

319 1621 395 1669 trium
405 1617 562 1685 principum,
579 1630 603 1668 et
622 1618 701 1677 eade,
720 1621 838 1671 incertum
855 1652 863 1679 ,
882 1635 905 1672 et
922 1618 992 1685 quast

318 1702 407 1753 vagum
439 1684 565 1751 imperium
588 1685 692 1751 suscepit
712 1687 872 1753 firmavitque
895 1688 992 1738 tandem

319 1770 376 1821 gens
398 1753 512 1807 flavia,
537 1754 570 1801 Et
591 1765 703 1813 postea:
725 1755 897 1805 Proculcatam
921 1768 991 1818 atque

321 1822 437 1871 desertum
457 1820 530 1887 liemp
555 1818 627 1868 civili
646 1820 827 1885 perturbatione
845 1822 870 1871 in
888 1821 991 1871 tutelam

320 1886 462 1954 Vespasiani,
487 1886 614 1937 ervenisse.
629 1884 670 1934 Ac
685 1884 793 1949 pertinet
810 1888 898 1937 eodem
914 1883 991 1936 Plinii

320 1951 363 2003 lib.
392 1968 433 2003 ιι.
477 1966 512 2002 st.
535 1950 605 2002 Hist.
628 1968 683 2015 cap.
708 1966 753 2004 vn
769 1969 777 2002 t
791 1955 845 2005 Hoc
862 1960 872 2014 (
888 1952 989 2016 juvandi

321 2020 437 2069 mortales
461 2017 521 2075 vil>
542 2036 605 2069 nunc
626 2023 716 2072 coelesti
734 2038 806 2088 passu
828 2038 882 2070 cnm
907 2023 991 2074 liberie

320 2089 367 2138 tuis
388 2088 461 2137 vadit
481 2088 599 2136 maximus
622 2089 698 2139 omnis
719 2090 766 2138 aeri
779 2104 875 2145 rector,
900 2087 991 2155 Vespa·

320 2156 400 2204 tientes
421 2152 571 2221 Angustus,
586 2153 662 2213 fessis
682 2154 752 2205 rebus
774 2156 925 2207 subveniens.
952 2156 991 2207 As

321 2220 415 2282 Traiani
429 2217 584 2282 temporibus
598 2219 676 2281 aptati
687 2222 763 2271 verba
778 2222 858 2273 Curtii
875 2238 924 2271 non
934 2239 993 2286 poe·

320 2303 389 2347 tunt,
403 2285 461 2353 quia
475 2284 539 2336 nulli
554 2286 600 2336 sub
609 2286 772 2346 Domitiano,
788 2304 828 2339 aut
843 2292 942 2345 Nerva,
959 2292 992 2341 de

320 2354 457 2419 principatu
475 2368 615 2411 certarunt,
637 2371 683 2405 nec
703 2354 779 2405 civile
802 2358 879 2407 ullum
896 2357 991 2408 bellum

319 2422 373 2474 mit.
388 2425 506 2472 Praeterea
520 2419 633 2471 meminit
646 2422 748 2475 Curtius
763 2422 863 2482 noctis,
878 2442 924 2489 qua
944 2424 994 2480 Vi-,

320 2490 414 2541 telliani
439 2508 494 2540 cum
515 2487 639 2540 Flavianis
663 2507 816 2557 pugnavere.
836 2492 876 2539 De
900 2507 927 2539 ea
954 2489 993 2540 sio

320 2557 417 2610 Tacitus
441 2557 468 2607 in
487 2555 562 2607 tertio
585 2554 684 2610 Histoi.
706 2561 823 2610 Praelium
847 2573 901 2608 tota
922 2574 991 2611 nocte

319 2628 432 2681 verium,
448 2643 549 2696 anceps,
564 2640 654 2683 atrox,
671 2624 729 2682 lis,'
741 2644 838 2677 rursum
853 2626 923 2681 illis,
940 2627 991 2676 erei-

320 2694 410 2747 tiabile·
430 2693 504 2745 Nihil
517 2694 630 2750 animus,
643 2709 687 2743 aut
701 2711 800 2752 manus,
817 2710 845 2743 ne
860 2693 923 2743 oculi
937 2694 992 2759 qui·

320 2761 369 2811 dem
388 2762 490 2829 provisu
505 2759 639 2825 juvabant.
663 2761 795 2827 Eademque
818 2775 917 2825 utraque
938 2761 991 2812 acie

320 2829 403 2893 signa,
420 2831 468 2880 dec.
488 2825 605 2879 Curtium
621 2843 683 2877 veto
702 2842 744 2884 pet
765 2842 864 2877 noctem
880 2842 930 2875 non
949 2826 988 2875 in·

319 2892 430 2973 telligere
441 2893 608 2959 caliginosum
622 2894 699 2958 Reip.
711 2910 802 2945 statum
811 2910 819 2952 3
829 2893 871 2943 sed
886 2893 991 2958 propriu

319 2958 385 3029 isqui
398 2998 406 3023 ‚
420 2977 474 3017 tutu
490 2963 558 3017 illud
573 2977 722 3034 argumento
736 2976 792 3024 est,
805 2960 873 3031 quod
887 2976 990 3040 noctetu
