2625 4017
415 581 462 635 tu
499 586 532 646 Q.
568 581 774 638 cuntium
807 587 837 639 ῑ.
870 577 894 640 3.
957 594 995 647 ue

321 689 371 725 ¹non
382 692 441 725 auro
451 676 531 742 magis
540 675 687 739 quamferra
701 676 761 726 uicit
770 695 781 737 ,·
800 678 820 724 si
837 679 933 743 denique
943 680 996 730 cui-¹

326 759 393 807 tunm
402 743 546 792 mortalium
556 741 671 802 autfilem
683 743 866 809 dangmarus
874 762 909 794 est
920 778 927 794 .
945 760 990 797 aut

326 811 405 859 lotam
408 810 502 873 fallere
511 825 558 858 non
567 809 698 859 sustinuit.
710 809 768 860 letis
777 824 855 861 tamen
866 813 907 862 ille
917 813 992 862 Grae-

324 876 366 926 tiae
379 878 486 933 vinlerr,
505 893 547 925 nos
556 874 738 943 perturbatores
752 893 832 927 sumus
849 882 859 924 !
875 880 919 929 Sel
934 879 993 944 quid

325 944 380 994 istos
389 946 481 1010 pulest
491 978 498 1000 ‚
510 942 550 1008 qui
558 959 601 992 sun
617 942 721 992 crimino
730 944 795 993 nobis
807 943 922 1008 objectare
936 964 992 995 ms-

323 1010 389 1066 lunt‚
405 1025 478 1075 putm
488 1027 535 1059 non
544 1011 669 1060 admonere
677 1027 721 1059 vos
729 1025 821 1066 eorum,
835 1029 934 1076 quorum
945 1014 990 1080 ipsi

324 1077 445 1140 manifesti
464 1076 545 1126 sunt?
564 1076 658 1141 Siquis
672 1091 793 1142 captorum
808 1093 931 1128 munerum
945 1094 990 1128 aut

322 1144 465 1209 proditionis
475 1159 530 1193 reus
539 1158 612 1201 esset,
622 1143 693 1192 illum
701 1144 785 1194 tuenlo
793 1178 800 1200 ‚
809 1148 989 1212 propugnando,

323 1209 412 1275 legibus
424 1223 447 1261 et
456 1211 535 1275 panis
546 1209 668 1276 eripiendo
677 1225 783 1261 vestrum
798 1212 920 1275 negotium
934 1227 991 1277 age-
1050 1221 1054 1228 “

324 1278 401 1327 retis:
420 1293 486 1326 nunc
501 1278 562 1327 alios
578 1278 728 1333 accusando,
747 1278 773 1326 in
789 1292 833 1325 vos
847 1279 990 1327 sententiam

325 1344 414 1394 dicitis.
426 1343 498 1405 Quod
513 1344 535 1392 si
552 1343 651 1409 ignari,
670 1359 779 1409 quorsum
791 1359 818 1394 ea
834 1360 872 1394 res
882 1345 989 1410 pertine-

324 1426 373 1469 ret,
390 1412 415 1460 id
429 1410 566 1459 admisistis
575 1428 585 1471 ;
592 1411 746 1477 prudentiam
762 1412 787 1459 in
796 1409 865 1462 voltis
873 1412 967 1476 requiro
977 1431 988 1462 :

323 1478 342 1525 si
349 1479 449 1528 seientes
455 1478 645 1544 prudentesque,
664 1478 840 1527 verecunliam.
858 1479 907 1527 Pro
919 1496 989 1535 ntea.

323 1547 401 1609 quique
416 1547 443 1594 in
464 1546 544 1595 talem
559 1560 648 1594 meeum
664 1561 735 1594 ceusu
754 1560 832 1600 sunt,
851 1546 988 1597 innocen-‘in

323 1613 453 1674 suffecerit,
469 1612 533 1675 quod
541 1627 582 1660 nos
596 1627 612 1660 a
621 1612 729 1677 Philippo
740 1611 801 1661 sitit
815 1612 928 1677 occepisse
942 1613 991 1679 ipsi

319 1678 442 1740 fatemini.
459 1679 512 1727 Nee
522 1678 583 1728 enim
599 1678 620 1725 si
630 1677 685 1742 quil
697 1680 881 1742 petivissemus,
900 1695 990 1728 uacuos

323 1744 383 1795 abire
398 1763 483 1812 passus
500 1760 558 1795 esset
573 1744 756 1796 liberalissimus
770 1761 830 1801 rex,
849 1759 905 1795 uta
920 1746 988 1796 uobis

322 1811 408 1877 eruiolem
426 1812 590 1882 praelt'tatur-
606 1810 697 1877 Antisti
706 1830 749 1880 uos
765 1813 898 1878 corrupisse
913 1829 988 1879 opere!

321 1883 421 1946 pretium
440 1882 558 1948 putavit,
575 1878 660 1935 nobis,
677 1881 749 1930 etiarn
770 1877 919 1946 petentibus,
938 1895 986 1930 non

322 1948 474 2015 largiretur?
487 1947 523 1997 At
532 1947 652 1997 Titianos
660 1950 727 1999 molo
737 1947 878 2002 monuistis,
889 1963 917 1997 ne
931 1963 986 1997 con-

322 2016 398 2065 silium
410 2032 493 2067 eorum
504 2030 670 2080 sequerentur,
684 2017 722 2080 qui
733 2016 822 2082 patrio
831 2017 891 2065 malt
905 2031 987 2064 eonsu-

321 2085 421 2133 luerunt.
432 2086 487 2147 Ego
496 2100 557 2134 uero
566 2082 778 2133 lesinoaluersari
787 2082 853 2137 illis,
867 2080 987 2138 Thebani,

321 2152 340 2200 ti
350 2154 385 2200 ita
401 2154 538 2202 sentiunt:
555 2150 580 2199 in
597 2150 703 2215 ipsorum
717 2150 847 2216 opinionem
865 2164 958 2199 transeo
973 2169 985 2212 ‚-

320 2235 400 2283 uosque
416 2235 505 2285 quanto
520 2219 624 2267 monimo
631 2231 708 2282 potest
722 2233 789 2283 opere
803 2218 905 2272 lrortor,
924 2234 985 2273 oro,

321 2284 433 2343 obsecro,
458 2302 543 2351 perque
559 2300 665 2335 uestram
682 2301 705 2335 et
722 2300 866 2334 communem
883 2283 987 2332 Graeiae

320 2354 417 2403 sulutem
431 2352 557 2407 obtestor,
576 2367 603 2401 ut
620 2351 662 2400 lios
677 2352 781 2418 ipsorum
797 2351 916 2401 decretum
932 2366 983 2398 am-

318 2420 465 2484 plectamini.
480 2421 508 2470 ll
521 2420 543 2469 si
557 2418 686 2481 feceritis,
705 2434 775 2483 neque
793 2434 901 2481 pecorum
916 2432 986 2480 atque

320 2503 480 2538 armentorum
495 2486 582 2553 gratia
599 2502 642 2533 vos
660 2485 720 2551 ipsos
738 2485 819 2535 venire
833 2485 986 2550 patiemini,-

320 2569 384 2619 neque
394 2571 421 2604 ut
431 2554 566 2619 ergastulis
575 2568 632 2618 ager
641 2567 719 2601 uester
724 2552 907 2616 frequentetur,
922 2552 987 2601 inter

319 2637 393 2671 eetera
400 2622 507 2687 Philippi
515 2621 632 2686 mancipia
644 2618 770 2669 Potonilrus
778 2633 800 2668 et
809 2617 926 2667 Triballis
936 2635 986 2668 ser·

318 2689 397 2739 vietis.
420 2689 487 2738 Nam
506 2688 549 2736 isti
563 2703 649 2753 greges
664 2700 687 2735 et
701 2685 819 2753 moneipia
837 2685 926 2733 intueri
941 2702 986 2735 vos

313 2754 411 2818 jubent,
426 2756 524 2823 egregia
538 2754 666 2803 servitutis
677 2753 797 2818 prnmia;
812 2768 914 2807 uxores,
928 2751 988 2800 liiu-

318 2840 353 2873 ros
365 2860 372 2879 ,
388 2840 518 2889 parentes,
534 2820 688 2875 libertatem,
703 2820 799 2882 famam
809 2852 816 2873 ,
827 2820 901 2880 filem
921 2819 991 2866 leni-

316 2906 353 2954 que
367 2907 390 2939 e:
398 2890 442 2953 fes
453 2888 597 2938 Graecorum
607 2888 670 2935 vilia
683 2885 774 2936 habere.
789 2887 846 2935 Hne
857 2886 918 2933 enim
930 2901 990 2949 pro-

310 2958 375 3019 fecto
385 2956 544 3021 perlilistis,
560 2952 683 3009 Thebani,
699 2954 747 3002 nisi
757 2951 844 3014 fraudi
854 2952 990 3002 uiolentia-

314 3039 354 3089 qae
364 3023 470 3091 Philippi
479 3039 528 3073 una
539 3022 663 3074 nobiseum
674 3020 800 3073 resistitis·
814 3018 887 3133 girol
897 3018 917 3067 si
928 3019 991 3070 alie·

853 3100 883 3146 Ul
