2625 4017
424 604 470 656 IN
501 560 542 665 ·Q.
579 603 781 653 CURTIUM
831 600 860 653 L.
889 602 913 655 1.
981 615 995 662 ς

318 694 440 755 prasente
451 725 459 749 ,
475 706 522 753 per
531 688 639 754 quietem
650 688 780 753 Philippus
790 688 866 743 vidit.
877 691 952 752 Cuius
961 692 998 744 rei

319 757 461 810 memoriam
471 754 585 807 servavit
593 756 746 806 Alexandria
754 793 761 814 ‚
770 773 840 821 quam
851 755 875 806 in
883 758 997 824 AEgypto

318 826 461 882 conditam,
476 822 629 889 aliquamdiu
639 822 818 887 Leontopolim
827 826 995 889 appellavere.

318 894 380 943 Nam
390 896 422 943 de
431 890 572 942 Alexandri
582 889 784 955 magnanimitate
794 908 820 941 er
828 892 916 943 robore
925 910 995 943 rom-

319 959 382 1010 nium
400 960 466 1009 illud
482 957 661 1021 interpretatus
675 973 727 1007 erat
737 957 883 1009 Aristander
894 958 995 1023 peritia·

318 1027 390 1077 umus
404 1042 510 1086 vatum,
526 1024 568 1091 qui
584 1041 670 1088 postea
680 1042 762 1075 comer
773 1025 797 1076 ei
807 1026 889 1084 haria,
904 1026 993 1076 racrir-

318 1111 360 1159 que
369 1096 421 1156 eiua
438 1092 546 1157 prefuit.
564 1095 619 1153 Qua
630 1108 712 1143 autem
726 1107 802 1142 nocte
811 1090 939 1159 Olympias
950 1110 992 1157 pe.

317 1162 393 1225 perit,
403 1159 509 1211 maximi
518 1176 563 1223 per
570 1158 656 1210 Asiam
664 1158 771 1209 nominis
780 1161 899 1223 templum
908 1160 994 1222 Ephe·

318 1228 451 1278 aiaeDianae
465 1227 533 1293 ignia
550 1225 642 1279 hausit.
657 1227 782 1277 Intulerat
794 1242 849 1275 euru
866 1219 995 1284 cuiusdam

318 1294 422 1347 hominia
431 1294 527 1359 perditi
543 1297 630 1354 furor3
647 1293 689 1357 qui
700 1292 993 1357 comprehensurtortua-

318 1380 379 1427 que,
399 1378 453 1413 non
466 1362 515 1411 alia
531 1376 613 1410 mente
629 1360 656 1410 id
672 1358 824 1410 commisisse
840 1362 917 1409 fartus
934 1375 991 1418 eet,

317 1446 384 1493 quam
404 1445 434 1480 ut
449 1446 543 1488 magno
560 1427 644 1491 aliquo
663 1427 774 1477 facinore
791 1426 934 1477 memoriam
950 1425 993 1478 tui

317 1497 456 1548 diuturnam
465 1495 586 1547 efficerer.
596 1500 662 1560 Ergo
676 1510 726 1544 tam
735 1494 793 1544 rodi
810 1492 916 1558 exempli
933 1496 987 1544 cla-

318 1564 368 1615 dem
385 1580 439 1615 non
455 1562 529 1613 istius
541 1577 637 1613 tantum
652 1561 709 1611 adia
726 1564 815 1612 damno
837 1561 989 1613 uttimavuro

317 1631 395 1696 Magi,
412 1630 455 1698 qui
464 1646 517 1681 tum
525 1629 616 1694 Ephesi
626 1629 749 1695 degebant
759 1646 768 1687 ς
779 1645 865 1680 verum
874 1646 920 1694 pro
935 1646 987 1679 ma-

319 1698 374 1760 ioris
381 1698 457 1749 ruinae
466 1696 586 1763 presagio
596 1698 726 1758 habentes,
736 1713 814 1748 totam
824 1696 908 1747 urbem
917 1714 989 1747 mmm

319 1765 349 1816 tir
357 1765 493 1830 implevere
502 1763 650 1814 clamoribus
659 1782 666 1813 a
678 1780 786 1817 exortam
795 1763 967 1828 alicubifacem
974 1800 986 1823 ‚

319 1840 379 1899 trtius
391 1834 519 1890 incendio,
535 1833 639 1883 similem
656 1832 684 1883 ob
705 1849 824 1889 cruram,
846 1847 911 1882 torus
926 1834 987 1884 olim

320 1900 606 1970 Oriensconflagrarurur
621 1915 692 1950 esser.
707 1902 782 1948 Forte
791 1914 832 1961 per
844 1895 909 1947 idem
923 1913 988 1948 tem-

318 1981 357 2030 pus
369 1968 507 2017 Potidaeam
517 1964 708 2016 Atheniensium
721 1965 846 2015 coloniam
855 1964 987 2030 Philippus

318 2035 524 2101 subegerat30um
541 2048 567 2085 et
577 2030 695 2099 Olympia
710 2031 833 2098 quadrigis
849 2048 875 2082 re
891 2030 984 2083 viciose

319 2102 437 2167 coguovit
453 2120 460 2154 a
475 2117 502 2152 et
519 2119 533 2150 a
548 2098 726 2157 Parmenione,
749 2117 819 2165 quem
840 2098 865 2147 iu
882 2097 986 2166 lllyrioa

318 2168 431 2229 miserat,
448 2168 550 2229 maioris
565 2167 686 2218 momenti
703 2167 802 2218 nuntius
817 2164 904 2223 uenit,
914 2168 985 2231 fusis

318 2236 402 2303 ingenti
407 2239 499 2305 proelt'o
508 2237 619 2287 barbaris
629 2272 636 2294 ‚
648 2237 796 2286 Macedonas
800 2251 911 2303 prospere
917 2252 983 2303 pug-

318 2308 414 2356 iuvisse.
439 2302 580 2353 Exsultanti
599 2318 650 2352 tarn
673 2302 730 2351 laeto
751 2302 840 2366 ubique
864 2315 984 2351 votorum

318 2368 374 2421 tritu
382 2369 459 2421 etiarn
469 2370 500 2420 de
508 2368 666 2437 Olympiadis
672 2385 744 2433 partu
754 2367 919 2419 renuntiatum
927 2366 983 2418 Cara

317 2450 356 2487 nee
369 2436 519 2489 dubitavere
532 2453 621 2496 vater,
638 2438 757 2487 invictum
768 2439 843 2500 fore,
859 2436 899 2499 qui
918 2435 983 2486 inter

317 2518 349 2554 tot
362 2506 530 2558 victoriarum
546 2507 641 2573 palmus
658 2520 807 2555 nasceretur.
827 2504 919 2550 Ferunt
941 2512 986 2552 eot‘

316 2569 381 2623 u'mul
395 2588 571 2636 prosperarum
587 2587 668 2621 rerum
684 2571 784 2619 cumulo
801 2564 933 2617 attonitum
944 2584 986 2618 re·

316 2654 382 2702 gem,
400 2656 428 2689 er
443 2638 565 2689 invidiam
572 2638 653 2688 Derim
669 2639 794 2694 veritum,
809 2632 918 2686 oravisse
928 2636 985 2685 Ne.

316 2706 404 2765 neuin,
418 2725 447 2758 ut
457 2709 617 2772 bocforrunae
626 2706 778 2771 obsequium,
796 2704 890 2755 modica
899 2706 984 2771 aliqua

316 2776 451 2826 calamitate
459 2776 547 2826 ulcisci
556 2774 751 2836 contentasoret.
763 2771 893 2821 Proditum
904 2770 981 2821 etiarm

316 2854 351 2889 eut
362 2840 506 2899 memoria,
525 2843 551 2891 in
567 2842 649 2907 oppido
665 2841 754 2897 Pella,
770 2840 829 2890 duas
843 2839 938 2904 aquilus
953 2840 982 2888 im

317 2910 411 2961 munim
424 2910 527 2966 domur,
545 2908 585 2958 udi
603 2922 708 2974 puerum
722 2908 792 2957 enixa
807 2921 860 2958 erat
874 2906 958 2968 regina
969 2940 980 2962 ‚

319 2977 407 3026 turadie
418 2976 560 3045 perradiare.
577 2974 675 3025 Gemini
688 2990 732 3040 per
741 2976 863 3041 Europum
878 2970 982 3022 Asiam·

318 3053 353 3104 {ue
369 3044 462 3111 imperii
479 3042 612 3111 augurium
625 3041 651 3093 id
663 3040 766 3106 fuisse,
783 3054 845 3159 pox
862 3052 984 3116 fluentum

861 3120 889 3168 ¹¹³
