2625 4017
409 524 469 595 446
588 516 631 599 Q·
669 516 915 606 QURTH

409 620 475 681 filiis
491 617 579 689 adiit,
600 619 626 679 si
636 618 752 700 pretium
764 618 838 700 operi
856 634 950 690 esset,
972 619 1083 686 aditum

407 720 439 762 te
458 717 671 759 monstraturum
690 720 752 759 esse
771 701 953 778 promittens.
976 723 1082 766 cxxxx

321 778 323 781 ’
407 778 512 841 talenta
531 780 679 841 constituit
696 780 823 841 daturum
841 782 1028 857 Alexander,
1053 799 1083 846 et

406 861 497 922 altero
510 882 547 920 ex
563 860 709 937 juvenibus
724 862 819 921 obside
831 880 964 930 retento,
979 863 1081 952 ipsuni

406 935 441 1001 ad
451 939 612 1030 exequenda
623 980 634 1007 ,
646 961 707 1017 quae
720 941 879 1010 obtulerat,
891 941 1011 1006 dimisit.
1025 942 1082 1004 Le-

406 1022 479 1084 viter
488 1020 601 1079 armatis
610 1020 667 1080 dux
677 1019 755 1080 datus
764 1039 806 1079 est
816 1021 973 1091 Mullinus‚
987 1025 1080 1084 scriba

405 1101 489 1183 regis.
511 1099 575 1159 Hos
591 1100 670 1159 euim
685 1099 857 1169 circumitu,
878 1103 927 1178 qui
946 1102 1081 1165 fallerent

407 1179 541 1249 hostem,
559 1181 588 1239 in
599 1201 743 1239 summum
755 1178 854 1259 jugum
865 1182 999 1258 placebat
1012 1201 1080 1244 eva·

405 1261 482 1322 dere.
499 1261 581 1320 Petra
596 1280 656 1318 non
671 1278 703 1318 ut
718 1259 880 1334 pleraque,
902 1260 1029 1321 modicis
1047 1282 1080 1322 ac

406 1341 541 1401 mollibus
552 1337 669 1399 clivisin
679 1337 984 1427 sublimefastigium
960 1362 1009 1400 cre
1011 1342 1080 1414 scit;

405 1420 482 1511 sed
473 1440 503 1478 ιιι
522 1438 604 1477 merae
623 1438 749 1477 maxime
767 1418 887 1479 modum
903 1439 1001 1481 erecta
1014 1439 1078 1482 est:

405 1499 484 1578 cujus
497 1498 555 1584 ima
570 1497 735 1576 spatiosiora
749 1512 833 1588 sunt,
854 1499 977 1558 altiora
969 1520 999 1559 ιιι
1016 1521 1079 1560 arc-

403 1579 459 1649 tius
478 1574 603 1647 coe'unt,
623 1598 736 1647 summa
754 1577 784 1635 in
802 1595 917 1640 acutum
938 1599 1079 1651 cacumen

404 1676 556 1748 exurgunt.
568 1656 730 1716 Radices
702 1677 764 1728 erus
776 1658 858 1723 ludus
872 1658 965 1717 amnis
984 1641 1077 1727 subit,

403 1731 533 1818 praealtus
550 1739 691 1813 utrimque
709 1738 811 1813 asperis
828 1737 916 1813 ripis:
934 1739 971 1798 ab
988 1739 1078 1800 altera

404 1838 483 1898 parte
499 1819 648 1897 voragines
664 1816 825 1893 eluviesque
841 1836 986 1895 praeruptae
1002 1835 1079 1883 sunt.

405 1899 437 1958 N
438 1919 472 1957 ec
483 1898 539 1955 alia
550 1895 728 1974 expugnandi
739 1897 888 1972 patebat
860 1919 906 1957 vra
917 1935 927 1964 ‚
948 1918 1038 1974 quam
1048 1912 1081 1960 ut

404 1979 589 2067 replerentur
607 1975 652 2034 Ad
671 1995 789 2034 manum
803 1976 872 2065 silva
885 1996 966 2046 erar,
989 1998 1078 2055 quarn

403 2078 456 2118 rex
467 2056 507 2114 itu
520 2053 609 2114 toedi
602 2056 695 2131 jussit,
712 2072 741 2112 ut
752 2053 818 2113 trudi
831 2054 944 2148 stipites
951 2056 1080 2134 jacerem

405 2137 476 2204 rur:
490 2137 671 2212 quipperanu
665 2134 809 2193 [ιιοιιόε
791 2155 838 2195 res
841 2135 883 2195 tiu
877 2136 1081 2227 impedissent

404 2218 536 2309 ferentes,
549 2216 611 2296 lpse
621 2216 728 2292 primus
739 2233 867 2275 truncam
885 2216 1043 2283 arborem
1035 2236 1078 2307 Je-

403 2297 465 2368 cit3
486 2292 651 2371 clamorque
670 2295 807 2363 exercitus
821 2294 905 2355 index
923 2296 1080 2359 alacritatis

404 2394 514 2438 secutus
523 2393 580 2442 est,
592 2376 674 2434 nullo
685 2373 855 2435 detrectante
866 2396 986 2444 munus,
1002 2375 1079 2454 quod

404 2477 456 2517 rex
474 2475 647 2531 occupasset.
666 2454 741 2512 Iutta
761 2457 914 2531 septimum
931 2456 1010 2515 diem
1029 2477 1079 2517 ca·

404 2556 505 2602 vernas
516 2536 718 2612 ειιρίειιειτιιιιι
735 2555 801 2593 cum
813 2555 863 2594 rex
865 2536 1041 2681 sapittarios
1052 2552 1081 2596 ct

317 2642 320 2648 ι
406 2613 549 2704 Agrianos
567 2614 612 2689 jul
614 2633 643 2673 et
654 2636 703 2690 per
718 2613 802 2673 ardua
820 2614 871 2673 niti
915 2635 1080 2693 uvenesque

404 2693 611 2784 promtissimos
622 2715 658 2753 ex
672 2715 719 2752 sua
732 2692 852 2753 cohorte
866 2715 915 2755 xx
924 2715 944 2753 x
962 2695 1082 2777 delegit.

404 2775 504 2835 Duces
520 2772 563 2832 his
574 2773 629 2832 dati
645 2791 709 2832 sunt
726 2770 836 2832 Charus
839 2793 880 2910 het
881 2773 1081 2857 Alexander,

405 2853 492 2930 quem
510 2874 558 2911 rex
569 2851 709 2920 nominis,
730 2849 853 2927 quotl'h
811 2872 835 2911 rr
856 2851 938 2912 icum
955 2874 987 2913 eo
1002 2874 1082 2914 com-

404 2951 487 3010 ῃιιιιιι
511 2949 608 3006 esser,
630 2931 993 3016 admonuit.Acpriu10,
1014 2935 1084 3015 quia
