2625 4017
358 579 419 652 με
539 573 583 655 Q.
622 572 865 638 cunrrr

354 676 531 759 pronuntiari
540 678 616 750 iussit
624 675 1035 755 ipsun,0nnia‚quaeanissa

357 775 474 827 essent,
494 755 673 816 redditurum.
687 757 723 815 Et
738 756 878 832 promisso
893 756 963 819 fides
978 779 1033 821 ex·

355 837 424 899 titit.
444 838 523 897 Nam
533 835 710 911 Sysirnithres
721 836 812 894 multa
831 836 983 912 jumenta,
1004 858 1033 900 et

355 917 534 979 camelorum
544 916 600 975 duo
613 914 704 974 millia
714 914 851 983 adduxit,
867 936 1032 994 pecoraque

356 1012 387 1057 et
398 1013 524 1056 armenta
542 1017 551 1055 t
570 1016 630 1070 quae
640 993 784 1053 distributa
794 993 897 1070 pariter
907 996 1033 1058 militent

356 1092 387 1136 et
402 1075 508 1136 &nino
524 1092 553 1133 et
570 1074 646 1134 farne
661 1073 863 1135 liberaverunt.
880 1074 946 1135 Rex
962 1095 1032 1154 gra-

355 1153 426 1214 tiam
448 1151 504 1213 sibi
523 1150 638 1212 relatam
657 1173 676 1211 a
695 1148 860 1231 Sysirnt'tbre
877 1154 1030 1229 praefatus,

356 1230 521 1294 sextiierunt
532 1249 610 1291 cocta
620 1229 728 1290 cibaria
731 1228 809 1305 ferre
820 1227 927 1292 milites
940 1232 1030 1310 jussit,

355 1310 442 1373 Sacas
452 1330 560 1389 petens.
572 1309 680 1371 Totam
694 1308 767 1369 hanc
780 1309 931 1389 regionem
942 1313 1031 1390 depo·

355 1392 489 1470 pulatur,
512 1410 589 1449 xxx
610 1390 703 1449 millia
721 1408 858 1466 pecorum
877 1408 915 1451 ex
935 1394 1030 1467 prada

355 1467 517 1547 Sysimithri
533 1469 612 1528 dono
626 1469 683 1529 dat.
702 1467 769 1529 Inde
786 1469 917 1544 pervenit
932 1470 964 1528 in
981 1492 1029 1532 re·

354 1548 473 1631 gionern
492 1588 503 1618 ,
521 1547 567 1608 cui
585 1545 759 1607 Cohortanus
777 1564 899 1623 satrapes
921 1552 1029 1612 nobilis

354 1646 470 1707 praerat
482 1667 491 1696 ,
511 1628 558 1705 qui
570 1647 598 1686 se
606 1628 679 1707 regis
688 1627 819 1703 potestati
829 1624 952 1705 fideique
962 1650 1028 1706 per·

354 1707 443 1786 misit.
465 1708 520 1769 lile
532 1706 655 1785 imperio
672 1707 700 1766 ei
714 1705 845 1776 reddito,
866 1704 941 1768 hand
961 1731 1027 1771 arn-

352 1786 429 1866 plius
445 1809 531 1866 quarn
550 1804 581 1846 ut
598 1784 650 1844 duo
670 1804 706 1845 ex
730 1782 818 1845 tribus
829 1780 910 1863 filiis
930 1806 1028 1850 return

353 1863 528 1936 militarent,
550 1866 656 1945 exegit.
677 1864 805 1941 Satrapes
824 1864 916 1925 etiarn
933 1886 1002 1929 eum
1013 1910 1025 1940 ,

351 1944 402 2020 qui
428 1964 516 2023 penes
543 1944 635 2021 ipsum
660 1943 897 2019 relinquebatur,
928 1948 1027 2011 tradit.

351 2021 474 2085 Barbara
490 2024 636 2103 opulentia
646 2022 831 2091 convivium,
850 2044 908 2101 quo
923 2044 1026 2109 regem

350 2101 528 2182 accipiebat,
544 2103 721 2163 instruxerat.
732 2102 762 2161 Id
779 2122 845 2161 curn
862 2104 954 2165 multa
968 2128 1024 2167 co·

350 2182 451 2245 mirate
468 2183 641 2251 celebraret,
664 2178 800 2241 introduci
817 2199 892 2242 xxx
914 2182 1025 2247 nobiles

350 2258 477 2342 virgines
492 2263 579 2340 jussit.
594 2261 671 2321 inter
685 2282 752 2337 quas
765 2275 825 2320 erat
839 2259 898 2323 filia
914 2261 1024 2340 ipsius,

349 2335 469 2402 Roxane
485 2343 623 2410 nornine,
641 2340 746 2401 eximia
762 2342 888 2416 corporis
903 2344 1025 2420 specie,

349 2436 380 2481 et
401 2419 504 2483 decore
520 2420 629 2481 habitus
649 2420 680 2478 in
703 2419 825 2478 barbaris
846 2441 923 2483 rato.
946 2420 1023 2499 Quae

347 2518 509 2577 quanquam
524 2500 597 2560 inter
610 2500 715 2561 electas
732 2517 930 2573 processerat,
953 2522 1023 2562 orn-

348 2577 431 2638 nium
448 2596 543 2639 tamen
560 2580 661 2639 oculos
675 2578 816 2639 convertit
827 2577 857 2636 in
872 2598 901 2638 se
918 2602 929 2653 3
954 2603 1022 2642 rna·

346 2656 427 2719 xime
443 2659 536 2738 regis,
553 2659 646 2717 minus
664 2659 721 2731 iam
744 2657 941 2734 cupiditatibus
965 2661 1023 2722 suit

345 2734 511 2815 imperantis
523 2738 596 2797 inter
610 2737 745 2814 obsequia
759 2737 897 2806 fortuna,
918 2757 1022 2801 contra

326 2875 330 2882 .
344 2836 432 2893 quam
447 2838 505 2876 non
516 2817 581 2877 satis
590 2835 672 2876 cauta
684 2816 840 2876 mortalitas
849 2834 901 2876 est.
920 2819 1022 2895 Itaque

342 2893 414 2964 isse,
430 2897 479 2974 qui
490 2917 611 2956 uxorem
622 2895 721 2962 Darii,
736 2896 783 2971 qui
796 2896 864 2955 duas
873 2896 946 2957 filias
960 2901 1022 2959 vin·

342 2972 442 3055 ebes,
457 2976 557 3054 quibus
566 2976 660 3038 forma
672 2992 772 3057 prater
781 2975 923 3039 Roxanen
933 2998 1027 3047 come

1120 305 1131 849 i
