2625 4017
312 558 373 639 ‘ris
493 542 818 629 Q.cuu'r11

311 649 468 729 nominique
487 649 698 730 quamprimum
718 649 800 725 justa
819 648 982 725 solvamus:

312 732 385 794 baud
398 731 495 801 obliti,
510 731 539 789 in
550 749 602 807 qua
612 726 693 796 urbe,
712 726 790 787 inter
820 751 870 790 uos
883 730 982 801 simus,

311 810 386 892 quali
402 831 467 890 rege
481 830 514 869 ac
524 805 643 889 praesibe
653 803 781 884 spoliati.
795 751 983 870 braciandum

313 910 377 960 est,
390 887 607 954 commilitones,
619 883 875 965 cogitandumque,
888 908 918 948 ut
928 890 989 949 uic*

312 972 414 1032 ronam
429 985 537 1047 partam
554 965 627 1024 inter
644 962 694 1022 bos
706 999 723 1033 ,·
741 963 777 1024 tie
792 966 896 1042 quibus
910 987 985 1047 parta

314 1066 381 1118 est,
395 1046 528 1109 obtinere
547 1043 697 1124 possimus.
719 1041 826 1123 Capite
848 1067 915 1126 opus
937 1066 987 1109 est.

311 1127 375 1188 Hoc
385 1149 419 1187 ne
430 1145 482 1185 uno
492 1144 529 1185 an
538 1120 682 1204 pluribus,
699 1120 729 1180 in
745 1141 848 1184 vestra
856 1144 989 1204 potestate

315 1226 370 1270 est.
380 1203 452 1266 iilud
463 1205 534 1263 scire
545 1199 668 1269 debetis,
683 1200 839 1261 militarem
851 1203 915 1264 sine
927 1204 989 1265 duee

313 1285 423 1347 turbam
446 1301 540 1363 corpus
568 1299 630 1339 esse
655 1278 718 1339 sine
741 1280 861 1358 spiritu.
892 1280 990 1345 Sextus

314 1365 420 1425 mensis
432 1381 473 1421 est
486 1400 497 1430 ‚
517 1380 553 1419 ex
565 1379 615 1437 quo
627 1355 747 1448 Roxane
758 1379 919 1439 praegnans
930 1380 990 1434 est,·

315 1465 330 1504 o
349 1462 438 1502 tamus
456 1458 604 1500 utmorem
624 1455 746 1496 enitatur
765 1463 775 1496 .·
796 1441 863 1522 ejus
884 1462 991 1521 regnum

314 1464 387 1588 [iiis
400 1516 608 1602 approbantibus
617 1513 770 1591 futurum,
795 1518 910 1594 quando
927 1521 992 1581 ado-

316 1600 425 1663 leverit.
437 1597 554 1659 Interim
566 1616 583 1655 a
595 1594 691 1675 quibus
706 1595 768 1673 regi
785 1596 889 1657 uelitis
906 1598 992 1660 desti-

315 1700 392 1743 nate.
404 1680 473 1739 Haec
484 1677 627 1738 Perdicca.
639 1675 718 1734 Tum
730 1675 911 1749 Nearchus,
925 1678 991 1739 Ate-

316 1759 418 1822 rtandti
438 1755 514 1818 modo
533 1755 751 1833 sanguinemac
771 1754 893 1835 stirpem
913 1757 992 1837 regia

316 1837 456 1917 majestati
470 1835 616 1898 conuenire
628 1831 765 1893 neminem
783 1834 826 1893 ait
841 1856 927 1913 posse
943 1837 992 1897 miv

317 1913 385 1978 rari.
399 1915 529 1977 Ceterum
545 1910 699 1991 exspectari
710 1912 835 1972 nondum
854 1934 941 1979 ortum
953 1936 994 1976 re·

339 2017 401 2065 em,
424 2013 451 2053 et
464 1993 509 2072 qui
518 1994 577 2071 jam
588 1992 626 2050 sit
636 1990 804 2070 praeteriri,
827 2014 882 2060 nec
896 1993 994 2055 animis

314 2016 502 2140 §Ausciorum
512 2069 678 2139 convenire,
695 2090 745 2128 nec
758 2074 880 2150 tempori
894 2095 993 2135 rerum.

318 2153 393 2216 Esse
407 2150 549 2212 eBarsine
556 2148 651 2228 filium
666 2148 740 2228 tegis
754 2191 764 2217 ,
787 2148 856 2210 buie
871 2152 997 2214 diadema

318 2232 449 2295 dantium.
465 2232 546 2291 Nulli
561 2232 690 2307 placebat
704 2230 810 2291 orario.
826 2233 930 2310 Itaque
947 2254 996 2294 suo

319 2334 401 2375 more
411 2312 495 2370 hostis
505 2329 580 2370 seusa
591 2310 746 2385 quatientes
756 2312 928 2389 obstrepere
937 2333 997 2391 per·

318 2394 494 2456 severabaut.
511 2391 631 2464 Jamque
642 2408 730 2465 prope
742 2389 923 2453 seditionem
934 2413 995 2470 per-

319 2488 475 2538 uenerant,
491 2467 624 2529 Nearcho
636 2469 811 2543 pervicacius
821 2488 925 2532 tuente
936 2492 997 2531 sen·

318 2552 448 2613 tentiam.
468 2549 547 2614 Tum
566 2548 757 2617 Ptolemaeus3
778 2546 872 2625 digna
888 2568 998 2631 prorsus

320 2650 365 2693 est
380 2626 506 2697 soboles,
525 2627 638 2704 inquit,
660 2646 718 2704 qua
732 2626 926 2689 Macedonum
946 2629 997 2689 im·

315 2727 395 2791 peret
410 2706 490 2787 genti
501 2748 511 2774 ,
532 2704 665 2766 Roxanes
683 2702 727 2764 uei
745 2703 880 2767 Barsinoe
891 2707 998 2787 filium

320 2790 399 2867 cujus
410 2807 506 2846 nomen
518 2781 759 2864 quoqueEuropam
770 2782 871 2845 dicere
880 2786 997 2867 pigebit,

320 2868 425 2945 majore
442 2882 566 2941 exparte
579 2862 693 2943 captivi.
706 2859 762 2921 Cur
774 2860 885 2924 Persas
897 2865 998 2925 uiceri-

317 2966 380 3026 ppus
392 2986 402 3018 ,
413 2960 444 3017 ut
456 2942 536 3025 stirpi
550 2963 641 3016 aarum
649 2940 805 3008 serviamus
817 2944 833 3002 ἒ
847 2944 922 3024 quod
929 2940 999 3025 justi
