2625 4017
407 527 599 591 elren
638 529 744 594 vit.
855 535 920 607 ,εγ

241 630 320 696 brito
336 648 399 700 ert,
420 650 469 690 nec
480 628 573 690 invito
584 631 670 691 teneri
682 649 784 713 potest.
799 626 916 696 Salubre

241 710 388 774 consilium
397 730 514 787 sequens
526 730 604 787 quum
615 730 738 788 praesent
752 728 856 791 tempus
868 733 918 774 os-

243 789 333 852 tendit
348 787 456 851 melius.
468 787 577 869 Impone
584 787 724 864 felicitati
740 788 919 865 tuaefrenos,

235 868 358 947 facilius
381 866 460 928 illum
478 888 569 947 reges.
591 867 696 929 Nostri
717 867 779 928 tine
801 868 918 949 pedilue

243 948 339 1010 dieunt
350 966 412 1007 este
421 945 582 1023 fortunam,
599 963 659 1026 quae
667 967 764 1007 manus
775 964 802 1008 et
809 968 919 1029 pennae

242 1045 349 1089 tuntum
360 1025 462 1099 ltobet‚·
480 1047 540 1086 turn
551 1045 648 1085 monus
658 1026 795 1106 porrigit,
810 1047 918 1107 pennus

261 1125 346 1184 uoque
357 1103 578 1186 comprehendere
590 1125 644 1165 non
655 1105 737 1168 sinit.
749 1104 880 1183 Denique
890 1105 920 1168 si

243 1127 327 1248 licus
345 1204 395 1253 er,
416 1184 535 1244 tribuere
549 1182 712 1245 mortalibus.
721 1182 856 1266 beneficia
866 1184 920 1247 ele·

245 1264 294 1325 het
305 1283 319 1336 ‚·
339 1284 394 1324 non
406 1284 457 1323 suu
467 1262 572 1343 eripere
583 1289 594 1323 .·
605 1263 652 1323 sin
666 1283 756 1324 autem
768 1264 845 1325 ltomo
859 1282 919 1338 et1,·

245 1342 278 1403 io
286 1343 355 1422 quod
368 1363 418 1413 es,
434 1362 608 1432 tempereste
619 1360 666 1414 te,
682 1343 786 1423 cogito.
796 1341 918 1406 Stultum

248 1440 292 1483 est
309 1442 398 1481 eorum
415 1419 590 1492 meminisse,
603 1440 713 1503 propter
723 1443 782 1501 quoe
795 1423 835 1483 tui
846 1422 919 1484 obli·

244 1502 374 1565 uisteris.
388 1497 498 1581 Quibus
508 1498 668 1561 bellumnott
679 1501 829 1573 intuleris,
839 1489 920 1564 bonis

246 1580 347 1642 amitis
363 1581 466 1662 poteris
487 1577 539 1640 uti.
557 1579 636 1656 Nom
651 1579 856 1670 etfirmistimu
876 1597 921 1644 ert

247 1656 321 1722 inter
340 1681 422 1741 paret
443 1657 569 1719 amicitia
581 1678 594 1730 ‚·
616 1676 643 1719 et
664 1659 791 1739 uidentur
809 1681 921 1742 putes,

265 1740 294 1798 ui
309 1737 496 1816 nonfecerunt
510 1736 584 1796 inter
602 1759 633 1798 se
643 1738 796 1827 periculum
807 1739 922 1805 uirium·

247 1760 330 1898 buos
342 1819 466 1889 uicerit,
484 1815 588 1878 amieos
597 1816 648 1877 tiit
658 1836 721 1878 erse
730 1839 797 1879 caue
810 1817 922 1887 cretius.

250 1898 330 1959 Inter
338 1898 475 1959 dominum
488 1913 515 1957 et
523 1895 714 1958 servumnullo
723 1897 849 1959 amicitia
860 1916 921 1971 est,

250 1977 335 2037 etiom
353 1978 382 2037 in
397 1998 484 2058 paee,
507 1974 572 2035 belli
587 1996 678 2037 tomen
686 1981 752 2057 juro
763 1995 926 2045 seruantur·

249 2056 374 2121 Jurondo
389 2057 511 2135 gratiam
526 2052 644 2137 Scythas
657 2056 814 2117 sancirene
830 2057 924 2119 eredi-

249 2137 336 2199 deris.
358 2134 479 2196 Colentlo
489 2131 602 2213 fidem,
623 2137 732 2213 jurant.
762 2133 923 2197 Graecorum

250 2216 309 2277 ista
332 2213 423 2274 cautio
444 2232 486 2272 est
497 2253 508 2280 ‚
530 2211 575 2289 qui
596 2232 660 2273 urta
682 2213 872 2304 consignant,
895 2232 925 2276 et

249 2294 333 2360 Deos
344 2293 485 2353 introcunt.
498 2289 564 2350 Nos
578 2289 739 2370 religionem
754 2312 784 2351 tn
795 2290 926 2373 ipsufitle

251 2373 389 2436 nouimus.
408 2365 467 2449 Qui
476 2388 530 2428 non
541 2388 697 2430 reverentur
708 2369 852 2443 homines,
863 2370 926 2450 ful-

251 2453 312 2516 lunt
330 2449 421 2514 Deos.
447 2446 513 2508 Nec
530 2446 582 2507 tibi
605 2448 693 2510 amito
713 2469 789 2529 opus·
801 2468 863 2522 est,
889 2450 925 2515 de

251 2536 330 2611 eujus
347 2525 537 2590 benevolentia
551 2524 671 2589 dubites.
688 2526 815 2589 Ceterum
830 2550 881 2591 not
896 2546 929 2593 et

251 2611 332 2675 Asiae
348 2628 375 2668 et
384 2604 457 2668 Euro
477 2628 500 2667 ae
512 2605 641 2667 custodes
653 2605 767 2667 iubebis
778 2634 788 2668 .·
800 2606 927 2683 Baetra,

252 2689 310 2753 nisi
332 2686 443 2749 dividat
487 2686 592 2757 anuis,
619 2684 805 2767 contingimur
823 2701 833 2750 ὲ
853 2687 928 2754 ultra

254 2768 366 2832 Tanain
378 2787 412 2827 ur
429 2788 462 2827 ue
476 2764 513 2828 al
524 2764 673 2830 Thraciam
687 2765 803 2827 colimur
813 2786 827 2838 ,·
838 2765 932 2831 Tltra·

253 2849 306 2910 tioe
316 2788 516 2908 Macerionium
528 2847 702 2928 conjunctam
712 2843 860 2920 estefuma
872 2864 931 2918 est.

253 2926 375 3011 Utrique
390 2924 503 3012 imperio
525 2942 571 2989 tuo
581 2922 726 3008 finitimos
742 2964 755 2995 ,
773 2923 877 2988 lutter-
888 2947 928 2999 u

726 3024 830 3108 niu·

954 778 977 933 l
