2625 4017
477 565 671 635 LIBER
710 570 833 637 VII'I.
927 581 989 646 im

317 671 412 755 parari
432 674 510 734 nulla
525 691 665 765 poterat,
691 672 766 737 haud
787 673 847 767 alio
868 672 992 745 animo,

320 776 408 833 quam
423 772 546 832 parentis
556 772 725 833 aspexeram
740 773 807 816 tunc
820 775 849 814 m
862 773 993 815 amorem

319 833 515 915 virguncula,
542 834 565 894 si
584 834 666 915 regiae
688 834 766 911 stirpi
784 851 990 911 comparetur,

319 912 476 993 ignobilis,
500 912 540 972 ita
561 914 662 975 effusus
686 930 728 972 est
747 951 758 981 ,
780 931 811 973 ut
832 913 937 974 diceret
955 910 992 971 ad

319 988 518 1052 stabiliendum
534 1012 646 1072 reguum
661 990 823 1069 pertinere,
843 989 948 1052 Persas
965 1005 994 1051 et

319 1068 494 1132 Macedones
510 1069 643 1131 connubio
656 1068 739 1151 jungi
750 1096 759 1131 .·
772 1067 822 1130 hoc
841 1091 893 1131 uuo
913 1066 992 1132 modo

320 1168 350 1210 et
364 1147 494 1230 pudorem
508 1149 615 1219 victis,
635 1167 662 1210 et
673 1147 828 1231 superbiam
841 1147 993 1212 uictoribus

320 1226 429 1288 detrahi
436 1247 528 1302 posse.
538 1225 678 1289 Achillem
685 1248 804 1307 quoque,
817 1249 893 1307 aquo
901 1246 992 1307 genus

316 1306 382 1377 ipse
394 1304 556 1376 deduceret,
569 1328 630 1369 tum
646 1306 757 1387 captiva
773 1315 864 1369 coisse
875 1335 884 1369 :
895 1328 930 1367 ne
943 1305 991 1366 iu·

311 1382 385 1463 ferri
409 1382 490 1458 nefus
512 1384 735 1457 arbitrarentur,
759 1383 801 1447 itu
823 1383 992 1447 matrimonii

315 1465 381 1544 jure
392 1463 463 1525 veile
470 1464 563 1545 jungi.
573 1466 719 1545 Insperato
730 1464 834 1546 gaudio
850 1467 927 1527 laerus
939 1486 992 1543 pa·

319 1562 364 1610 ter
381 1564 541 1606 sermonem
559 1546 620 1624 ejus
635 1546 769 1623 excepit:
786 1563 816 1607 ct
829 1565 878 1605 rex
894 1545 990 1605 medio

318 1621 479 1699 cupiditatis
489 1623 589 1684 ardore
600 1625 680 1703 jussit
694 1619 788 1701 affetu
802 1624 894 1701 patrio
909 1644 991 1687 more

316 1722 429 1784 panem.
445 1702 514 1762 Hoc
530 1721 591 1762 erat
601 1702 674 1781 apud
687 1702 861 1764 Macedones
876 1702 993 1763 sanctis·

320 1782 425 1842 simum
443 1780 611 1843 co'c'untium
625 1782 746 1864 pignus;
767 1802 852 1858 quem
869 1782 991 1842 divisum

318 1861 416 1942 gladio
439 1879 555 1937 uterque
578 1860 694 1925 libabat.
717 1860 812 1921 Credo
834 1880 910 1929 eos,
942 1860 991 1939 qui
1045 1912 1047 1916 .

317 1939 410 2021 gentis
421 1958 515 2000 mores
532 1941 738 2008 condiderunt,
759 1962 845 2019 parco
858 1960 887 2001 et
903 1962 990 2017 parav

319 2018 370 2078 bili
395 2019 471 2080 victu
496 2022 641 2082 ostendere
665 2019 788 2081 voluisse
812 2020 990 2100 jungentibua

320 2118 408 2174 opes,
421 2101 558 2175 quantulo
568 2099 761 2159 contentiesse
770 2100 913 2161 deberent.
920 2098 989 2162 Hou

319 2177 408 2237 modo
421 2198 470 2237 rex
482 2178 555 2238 Asiae
569 2198 598 2237 er
607 2179 727 2255 Europa
738 2176 928 2238 introductam
943 2176 990 2236 in·

318 2273 362 2316 ter
380 2256 544 2316 convivales
564 2257 643 2317 ludos
662 2256 847 2317 matrimonio
865 2256 918 2315 sibi
936 2256 988 2315 ad-

319 2334 433 2411 junxit,
448 2354 464 2393 e
475 2335 585 2409 captiva
595 2335 759 2415 geniturus,
775 2335 824 2412 qui
835 2334 991 2397 uictoribus

297 2419 299 2426 ’
318 2414 481 2491 imperaret.
496 2414 622 2475 Pudebat
632 2414 741 2473 amicos
755 2434 837 2491 super
847 2414 946 2478 vinum
958 2430 988 2476 et

318 2495 416 2569 epulas
436 2512 568 2553 socerum
592 2514 628 2553 ex
645 2492 743 2554 deditis
759 2513 819 2554 esse
841 2493 986 2554 electuma

318 2572 366 2630 sed
390 2589 455 2648 post
478 2570 549 2631 Cliti
577 2571 681 2631 caeiem
705 2572 833 2631 libertate
856 2571 987 2641 sublata,

316 2651 418 2718 vultu,
436 2650 485 2725 qui
499 2650 623 2710 maxime
635 2651 737 2720 servit,
755 2651 987 2715 assentiebantur.

358 2730 437 2791 Cir.
446 2729 485 2791 V.
497 2728 632 2790 Ceterum
642 2730 769 2798 indiam,
779 2748 807 2790 et
817 2728 880 2789 inde
890 2728 989 2790 Ocea·

317 2829 388 2870 num
400 2808 535 2885 petiturus
546 2851 557 2877 ,
570 2830 606 2869 ne
617 2810 684 2885 quid
693 2832 710 2871 a
719 2828 801 2890 tergo
812 2848 821 2878 ,
833 2808 907 2885 quod
920 2809 988 2868 des·

316 2889 403 2949 einata
415 2888 552 2965 impedire
561 2906 671 2965 posset,
684 2906 846 2950 moueretur
856 2910 865 2958 3
876 2907 913 2946 ex
922 2907 989 2945 omn

313 2965 397 3035 rubus
409 2965 564 3049 provinciis
577 2987 599 3032 x
609 2986 656 3031 ux
672 2965 763 3030 miliia
775 2966 915 3048 juniorum
928 2963 987 3049 legi
