2625 4017
386 554 417 595 Ἀ
487 539 516 591 Ji
549 538 735 591 FREINSH.
771 539 970 591 supplente.

383 633 503 700 cipiorum
518 628 634 679 aduersus
646 643 730 694 gentes
746 625 857 691 urbesque
875 627 964 678 liberas
976 628 1062 695 perel-

385 700 458 752 nacin
471 697 526 747 odia
534 714 545 758 ;
556 710 579 746 et
586 695 730 760 simpliciter
738 693 850 757 fecerunt
865 695 923 752 isti,
938 698 1060 752 ouidetes

380 781 448 835 gutte
459 784 467 811 .·
478 763 517 814 sed
527 780 552 813 eo
561 761 912 829 magisadnitendumnobisest
920 796 928 819 ,
937 762 1053 821 Thebani,

384 849 415 894 ut
424 838 485 897 jura
501 832 605 897 legesque
621 843 718 879 nostras
735 841 854 877 tueamur.
872 830 906 877 Et
924 831 1054 895 optandum

381 897 496 967 inprimis
511 913 589 954 esset,
608 911 638 949 ut
654 895 694 959 qui
710 894 877 959 rempublicam
893 898 1054 962 attigerunt,

385 969 418 1018 iis
431 981 521 1020 unum,
538 964 640 1027 idemque
645 962 835 1029 pulcherrimum
844 977 962 1013 certarnen
965 964 1053 1026 foret,

382 1034 482 1100 quinam
491 1033 580 1081 rectius
596 1028 695 1079 ciuitati
706 1045 756 1078 sure
764 1032 931 1087 consulerent,
944 1045 987 1080 aut
998 1048 1056 1081 con·

315 1109 320 1118 ¹
384 1102 452 1160 sulta
468 1112 636 1163 exequerentur
661 1114 670 1143 ,·
693 1111 759 1145 nemo
779 1097 912 1147 communia
932 1099 1056 1148 commoda

381 1166 533 1238 posthaberet
539 1163 663 1233 privatis,
677 1178 743 1213 nemo
756 1163 871 1227 acciperet
882 1179 1000 1226 munera;
1015 1182 1056 1216 ne-

384 1252 425 1299 mo
440 1235 544 1284 istorum
564 1232 667 1298 exemplo
685 1230 793 1293 patriam
809 1230 917 1295 Philippo
930 1231 1054 1297 proderet.

382 1302 488 1355 Verum,
497 1297 616 1355 Thebani,
631 1298 694 1346 nulli
700 1310 802 1359 unquam
810 1312 856 1346 non
862 1298 960 1347 ciuitati
968 1301 1053 1364 modo,

383 1370 425 1421 sed
439 1369 510 1418 etiam
521 1364 609 1415 homini
623 1364 720 1429 integra
730 1363 880 1428 perfectaque
889 1364 999 1427 felicitas
1015 1366 1056 1416 ob-

383 1437 446 1501 tigit
461 1453 468 1482 :
485 1432 635 1483 beatissimus
647 1429 768 1485 babetur,
786 1435 852 1495 cujus
858 1431 965 1493 fortuna
978 1435 1055 1484 mini..

384 1518 451 1554 neum
461 1518 488 1552 ete
502 1500 602 1555 adverso
617 1496 704 1548 trahit.
721 1497 803 1547 Malos
821 1513 900 1547 autern
913 1498 979 1550 nobis
989 1502 1055 1552 cives

381 1585 432 1622 esse
443 1605 451 1626 ‚
464 1566 581 1617 neminem
592 1564 665 1631 fugit
681 1582 689 1610 :
704 1579 733 1612 ne
747 1581 790 1613 uos
803 1565 894 1628 quidem
912 1568 1028 1617 caruistis
1044 1602 1055 1625 ,

384 1651 428 1687 aut
437 1635 542 1689 caretis,
560 1631 665 1682 Thebani
675 1646 682 1678 t
692 1646 747 1679 nam
755 1631 805 1680 sine
819 1649 843 1682 eo
851 1648 927 1692 esset,
943 1652 990 1684 non
998 1640 1054 1699 jam

384 1706 479 1756 Elaeeae
490 1699 613 1766 Philippus
620 1697 731 1749 libertati
739 1712 828 1747 nostrae
833 1701 919 1767 plagas
928 1703 1034 1752 tenderet
1043 1722 1054 1766 ,·

383 1771 425 1822 sed
439 1770 466 1820 de
475 1784 548 1835 regno
556 1764 704 1817 Macedonia
714 1764 835 1815 nobiscum
845 1767 987 1820 decertaret.
999 1771 1058 1820 Ha-

383 1840 464 1889 bemus
474 1849 553 1886 tamen
561 1849 586 1883 et
593 1832 684 1895 boaos;
699 1847 778 1896 eosque
785 1834 867 1898 plures
880 1836 952 1886 malis
962 1871 970 1895 ,
982 1853 1007 1887 et
1012 1856 1056 1903 po·

384 1907 468 1955 tiores.
487 1902 665 1968 Argumentum
679 1899 780 1965 poscis?
797 1900 866 1951 liberi
881 1919 962 1953 sumus
980 1923 988 1950 .·
1007 1922 1056 1957 nors

383 1973 503 2024 servimus
512 1968 619 2033 Philippo
629 1999 637 2021 ‚
646 1967 710 2018 sicut
720 1982 749 2016 tu
759 1968 852 2032 Python
861 1968 991 2036 Byzantios
1001 1986 1056 2025 tuos

384 2038 477 2090 servire
485 2036 587 2088 uoluisti
594 2053 606 2097 ;
622 2048 650 2092 tu
659 2048 738 2084 autent
753 2033 865 2093 Bacche,
880 2052 904 2087 et
918 2036 1056 2090 tuThrasi-

385 2109 435 2158 dae
450 2104 573 2156 Thessalos
590 2101 644 2179 “lli
657 2101 812 2152 vendidistis.
828 2102 975 2154 Thessaliam
991 2110 1055 2157 enim

384 2173 502 2224 servitute
513 2168 615 2236 Philipps
622 2168 718 2234 premi,
736 2167 824 2218 videtis
834 2169 955 2229 Thebani,
972 2189 995 2224 et
1005 2175 1056 2229 nisi

379 2241 462 2306 fallor
470 2273 477 2295 ‚
485 2243 560 2302 J'uoeta
570 2234 691 2285 nobiseum
701 2234 860 2302 ingemiscitis
872 2257 879 2284 .·
891 2238 1054 2304 Byzantium,

375 2304 536 2373 'quantumin
548 2302 652 2368 Pythone
655 2302 729 2365 fuit,
744 2302 805 2352 idem
815 2304 924 2355 manebat
933 2308 1034 2359 exitium
1045 2345 1055 2367 ‚

384 2374 446 2440 quod
471 2370 591 2436 Olynthus
609 2384 718 2435 perpessa
741 2383 804 2419 ese:
825 2387 867 2420 nos
885 2372 1054 2427 liberavimus·

383 2440 476 2506 Quippe
492 2439 604 2487 Graecam
618 2436 761 2493 ciuitatem,
782 2453 836 2486 cum
846 2440 949 2490 manime
962 2445 1055 2493 sociam

385 2522 456 2573 atque
482 2506 629 2566 oneratam,
645 2501 687 2553 ille
697 2503 825 2569 religiosus
834 2519 902 2569 atque
911 2510 1056 2568 rrenerabffi,

385 2588 493 2627 assertor
508 2570 611 2620 Gracia
620 2586 662 2621 nec
672 2571 806 2637 opinantem
816 2574 943 2638 opprimere
952 2592 1055 2643 aggres-

385 2641 526 2703 susfuerat.
542 2637 601 2690 Hac
609 2652 644 2686 ese
654 2637 770 2686 nimirum
776 2641 896 2704 praeclara
910 2641 983 2708 ipsius
990 2662 1055 2709 pru·

383 2709 475 2770 ¹olentia.
494 2705 663 2755 Calliditatem
668 2720 712 2769 pro
722 2705 815 2770 ingenio
824 2706 891 2757 habet
903 2713 1053 2774 :perjurium

386 2789 465 2826 artem
486 2786 556 2837 putat
575 2790 583 2817 .·
597 2772 698 2836 perfidia
714 2786 836 2837 tamquam
851 2774 943 2825 uirtute
960 2779 1056 2832 utitur·

353 2849 355 2853 '
387 2840 443 2908 ¹tint
456 2841 521 2890 dieat
534 2838 628 2901 denique
637 2854 680 2902 quo
696 2839 820 2905 aliopacto
827 2840 1008 2901 formidabilem
1020 2848 1054 2897 il·

387 2911 438 2960 lam
447 2906 578 2972 potentiam
592 2919 679 2954 nactus
693 2920 728 2955 ese
742 2926 750 2953 .·
766 2908 787 2956 si
797 2907 894 2958 Graecos
901 2910 1056 2971 fraudibus‚.

387 2976 502 3036 liesiliis,
514 2971 649 3045 proditione
665 2987 711 3026 non
721 2974 780 3044 cepit
787 2993 801 3041 ,·
816 2976 837 3027 si
847 2975 965 3038 ¹barbaros
976 2982 1054 3034 etiam
