2625 4017
413 542 752 608 ususuvss.
860 569 914 628 ,μ
996 549 1002 558 ·

244 644 400 709 consilium
413 687 423 714 ,
445 646 493 723 qui
504 647 592 706 secuti
604 664 684 705 erant
696 667 923 725 occupaverunt.

244 729 272 788 Is
284 746 345 787 tum
361 724 428 786 llere
439 727 547 805 coepit,
569 744 598 786 et
612 747 644 785 os
658 747 741 787 suum
757 731 918 803 converbe-
978 791 984 806 ,

244 827 307 867 rare
317 829 326 867 τ
338 824 470 875 moestus,
484 826 543 865 non
555 825 635 866 suam
645 806 741 866 vicem
752 827 762 877 ;
774 806 819 866 sed
830 826 918 890 prop«

245 904 288 951 rer
297 887 390 962 ipsum
400 884 622 963 periclitantium
631 885 761 946 fratrum.
773 886 918 949 Moverat·

245 986 302 1043 que
317 966 375 1042 jam
392 984 511 1045 regem,
534 984 593 1023 non
607 964 781 1024 concionem
800 966 889 1027 modo
906 992 918 1034 s

245 1045 293 1106 sed
309 1065 382 1105 unus
398 1061 458 1105 erat
469 1043 656 1122 implacabilis
666 1044 773 1117 fratem
794 1046 843 1123 qui
859 1064 920 1107 ter-

245 1124 321 1186 ribili
342 1124 422 1184 vultu
440 1125 552 1184 intuens
570 1144 658 1183 eum:
673 1120 764 1190 Tum,
786 1126 847 1194 ait,
866 1123 919 1185 de-

246 1219 347 1271 mens,
364 1201 517 1284 lacrymare
532 1200 688 1270 debueras,
707 1221 768 1261 cum
780 1223 846 1282 equo
860 1202 920 1263 tal-

246 1282 327 1344 caria
338 1280 468 1341 subderes
478 1324 488 1351 ,
497 1279 617 1356 fratrum
627 1279 751 1341 desertor
764 1320 774 1350 ‚
787 1298 815 1341 et
825 1280 923 1343 deser·

246 1381 332 1422 rorum
344 1381 444 1424 comes.
456 1360 549 1421 Miser
559 1364 628 1440 quo',
645 1375 674 1420 et
684 1357 920 1441 undesugiebas?

246 1438 402 1522 Efficisri,
418 1458 448 1499 ur
458 1461 521 1502 reus
532 1438 656 1520 capitis,
673 1442 844 1500 accusatoris
855 1460 919 1503 ute-

246 1542 293 1582 rer
305 1518 408 1583 uerbis.
426 1522 499 1590 llle,
512 1538 645 1601 peccasse
663 1537 719 1591 se‚·
738 1518 789 1579 sed
801 1521 921 1599 gravius

248 1597 416 1676 infrorres,
430 1600 549 1679 quomis
560 1596 756 1678 semetipsum,
769 1599 919 1670 fatebatur.

247 1682 326 1739 Tum
343 1699 413 1740 vero
428 1698 519 1757 neque
536 1676 688 1754 lacrymis,
713 1696 805 1754 neque
822 1681 920 1741 accla-

248 1759 443 1828 mationibus,
465 1759 563 1837 quibus
583 1756 673 1830 studia
696 1778 745 1816 sua
766 1758 920 1821 multitudo
941 1797 944 1802 ·

238 1838 418 1916 profitetur,
437 1853 678 1917 temperaverunt.
696 1836 766 1898 Una
783 1857 842 1899 vox
859 1856 921 1902 erat

248 1916 310 1996 pati
321 1918 423 1978 emissa
433 1939 591 1987 consensu,
612 1932 642 1974 ut
654 1914 810 1977 insontibus
822 1917 922 1994 orsos-¹

248 1995 324 2062 tibus
341 1995 411 2057 uiris
426 2014 563 2078 parceret.
585 1995 683 2057 Amici
701 2017 836 2074 quoque,
856 1998 921 2063 data

249 2076 449 2137 misericordiae
460 2076 632 2145 occasione,
645 2095 837 2156 consurgunt,
849 2077 923 2139 flen-

248 2157 346 2235 tesque
370 2177 470 2247 regem
498 2158 693 2234 deprecantur.
723 2155 777 2216 Ille
806 2156 923 2218 silentio

247 2238 326 2298 facto
339 2279 350 2305 ,
364 2256 481 2316 etipse,
494 2235 607 2312 inquit,
620 2232 768 2371 Anpyrttam
780 2254 841 2295 mea
853 2257 922 2297 sen-

250 2313 339 2376 tentia
348 2313 507 2392 fratresque
523 2316 582 2392 ejus
594 2311 661 2373 abso
674 2332 718 2377 vo.
733 2311 764 2373 V
759 2333 790 2373 os
804 2330 895 2376 autem
909 2355 922 2386 ,

244 2396 380 2477 juvenes,
396 2392 467 2453 malo
478 2390 605 2472 benefitii
615 2391 669 2452 mei
681 2388 808 2451 obliuisci
819 2433 829 2460 ‚
842 2414 923 2472 quam

247 2470 368 2555 periculi
383 2470 469 2534 vestri
490 2470 660 2531 meminisse.
679 2466 787 2531 Eadem
795 2469 859 2551 fide
873 2493 923 2534 re-

250 2552 311 2614 stite
325 2549 487 2631 ingratiam
498 2569 625 2621 mecumr
644 2568 697 2629 qua
707 2547 767 2630 ipse
781 2548 924 2620 vobiscum

250 2641 389 2695 revertor.
408 2629 481 2696 Mil
498 2651 558 2711 quae
575 2627 800 2701 delirassent,
819 2650 924 2694 excus-

250 2710 378 2783 sissem;
401 2707 482 2774 raldo
501 2706 690 2773 dissimulatio
715 2727 776 2770 mea
794 2728 925 2792 suspecta

252 2800 315 2852 es're
324 2786 536 2872 potuissenSed
546 2788 636 2850 sarius
647 2803 692 2848 est
699 2804 832 2868 purgatos
842 2810 925 2862 esse,

252 2889 333 2950 quam
342 2886 495 2962 suspectos.
510 2867 659 2960 Cogitate,
671 2866 807 2928 neminem
816 2867 925 2936 absolui

249 2969 333 3040 illst
344 2991 354 3035 ῃ
367 2970 425 3020 mss
434 2949 480 3039 qu
491 2947 600 3031 diserte
613 2966 737 3030 trusum,
751 2945 794 3026 Tu
803 2946 933 3054 Asprum:
