<?xml version="1.0" encoding="UTF-8"?>
<!DOCTYPE html PUBLIC "-//W3C//DTD XHTML 1.0 Transitional//EN"
    "http://www.w3.org/TR/xhtml1/DTD/xhtml1-transitional.dtd">
<html xmlns="http://www.w3.org/1999/xhtml" xml:lang="en" lang="en">
 <head>
  <title>
</title>
<meta http-equiv="Content-Type" content="text/html;charset=utf-8" />
  <meta name='ocr-system' content='tesseract 3.04.00' />
  <meta name='ocr-capabilities' content='ocr_page ocr_carea ocr_par ocr_line ocrx_word'/>
</head>
<body>
  <div class='ocr_page' id='page_1' title='image "./qcurtiirufidere00rufugoog_0337.png"; bbox 0 0 2625 4017; ppageno 0'>
   <div class='ocr_carea' id='block_1_1' title="bbox 377 543 880 629">
    <p class='ocr_par' dir='ltr' id='par_1_1' title="bbox 377 543 880 629">
     <span class='ocr_line' id='line_1_1' title="bbox 377 543 880 629; baseline 0.006 -22"><span class='ocrx_word' id='word_1_1' title='bbox 377 552 434 629; x_wconf 88' lang='lat'>308</span> <span class='ocrx_word' id='word_1_2' title='bbox 556 543 601 625; x_wconf 85' lang='lat' dir='ltr'>Q.</span> <span class='ocrx_word' id='word_1_3' title='bbox 641 545 880 610; x_wconf 78' lang='lat' dir='ltr'>CURTII</span> 
     </span>
    </p>
   </div>
   <div class='ocr_carea' id='block_1_2' title="bbox 355 645 1082 2936">
    <p class='ocr_par' dir='ltr' id='par_1_2' title="bbox 367 645 1054 2232">
     <span class='ocr_line' id='line_1_2' title="bbox 374 645 1052 724; baseline 0.004 -17"><span class='ocrx_word' id='word_1_4' title='bbox 374 667 443 707; x_wconf 83' lang='lat' dir='ltr'>cum</span> <span class='ocrx_word' id='word_1_5' title='bbox 456 645 583 724; x_wconf 74' lang='lat' dir='ltr'>prasidio</span> <span class='ocrx_word' id='word_1_6' title='bbox 594 647 700 707; x_wconf 88' lang='lat' dir='ltr'>relictis</span> <span class='ocrx_word' id='word_1_7' title='bbox 711 688 720 718; x_wconf 88' lang='lat'><strong>‚</strong></span> <span class='ocrx_word' id='word_1_8' title='bbox 740 648 846 709; x_wconf 87' lang='lat' dir='ltr'>invicta</span> <span class='ocrx_word' id='word_1_9' title='bbox 856 658 942 707; x_wconf 80' lang='lat' dir='ltr'>r&#39;nanu</span> <span class='ocrx_word' id='word_1_10' title='bbox 953 647 1052 710; x_wconf 50' lang='lat' dir='ltr'>corni*</span> 
     </span>
     <span class='ocr_line' id='line_1_3' title="bbox 373 726 1053 804; baseline 0.007 -19"><span class='ocrx_word' id='word_1_11' title='bbox 373 742 451 785; x_wconf 85' lang='lat' dir='ltr'>tante</span> <span class='ocrx_word' id='word_1_12' title='bbox 461 728 601 802; x_wconf 83' lang='lat' dir='ltr'><strong>procedit.</strong></span> <span class='ocrx_word' id='word_1_13' title='bbox 611 726 642 786; x_wconf 93' lang='lat' dir='ltr'>N</span> <span class='ocrx_word' id='word_1_14' title='bbox 643 747 710 787; x_wconf 89' lang='lat' dir='ltr'>octu</span> <span class='ocrx_word' id='word_1_15' title='bbox 720 727 774 787; x_wconf 90' lang='lat' dir='ltr'>iter</span> <span class='ocrx_word' id='word_1_16' title='bbox 782 728 904 795; x_wconf 84' lang='lat' dir='ltr'>fecerat,</span> <span class='ocrx_word' id='word_1_17' title='bbox 916 744 945 785; x_wconf 91' lang='lat' dir='ltr'>et</span> <span class='ocrx_word' id='word_1_18' title='bbox 955 729 1053 804; x_wconf 82' lang='lat' dir='ltr'>prima</span> 
     </span>
     <span class='ocr_line' id='line_1_4' title="bbox 373 803 1053 882; baseline 0.004 -16"><span class='ocrx_word' id='word_1_19' title='bbox 373 806 439 866; x_wconf 86' lang='lat' dir='ltr'>luce</span> <span class='ocrx_word' id='word_1_20' title='bbox 461 803 550 865; x_wconf 88' lang='lat' dir='ltr'>hostis</span> <span class='ocrx_word' id='word_1_21' title='bbox 572 808 602 865; x_wconf 92' lang='lat' dir='ltr'>in</span> <span class='ocrx_word' id='word_1_22' title='bbox 624 826 777 882; x_wconf 85' lang='lat' dir='ltr'>conspectu</span> <span class='ocrx_word' id='word_1_23' title='bbox 801 825 888 867; x_wconf 87' lang='lat' dir='ltr'>erat:</span> <span class='ocrx_word' id='word_1_24' title='bbox 909 807 1053 869; x_wconf 83' lang='lat' dir='ltr'>turnultus</span> 
     </span>
     <span class='ocr_line' id='line_1_5' title="bbox 373 884 1054 964; baseline 0.003 -19"><span class='ocrx_word' id='word_1_25' title='bbox 373 884 467 964; x_wconf 82' lang='lat' dir='ltr'>magis</span> <span class='ocrx_word' id='word_1_26' title='bbox 490 907 576 962; x_wconf 87' lang='lat' dir='ltr'>quarn</span> <span class='ocrx_word' id='word_1_27' title='bbox 599 886 726 963; x_wconf 71' lang='lat' dir='ltr'>pralium</span> <span class='ocrx_word' id='word_1_28' title='bbox 748 886 812 946; x_wconf 78' lang='lat' dir='ltr'>fuit.</span> <span class='ocrx_word' id='word_1_29' title='bbox 836 886 989 944; x_wconf 86' lang='lat' dir='ltr'>Deturbati</span> <span class='ocrx_word' id='word_1_30' title='bbox 1010 906 1054 947; x_wconf 76' lang='lat' dir='ltr'>ern.</span> 
     </span>
     <span class='ocr_line' id='line_1_6' title="bbox 373 964 1049 1042; baseline 0 -16"><span class='ocrx_word' id='word_1_31' title='bbox 373 965 513 1034; x_wconf 86' lang='lat' dir='ltr'>collibus,</span> <span class='ocrx_word' id='word_1_32' title='bbox 527 986 598 1041; x_wconf 87' lang='lat' dir='ltr'>quos</span> <span class='ocrx_word' id='word_1_33' title='bbox 610 981 837 1041; x_wconf 85' lang='lat' dir='ltr'>occupaverant,</span> <span class='ocrx_word' id='word_1_34' title='bbox 853 964 964 1025; x_wconf 85' lang='lat' dir='ltr'>barbati</span> <span class='ocrx_word' id='word_1_35' title='bbox 975 985 1049 1042; x_wconf 86' lang='lat' dir='ltr'>pro-</span> 
     </span>
     <span class='ocr_line' id='line_1_7' title="bbox 372 1042 1052 1125; baseline 0.003 -21"><span class='ocrx_word' id='word_1_36' title='bbox 372 1043 506 1125; x_wconf 73' lang='lat' dir='ltr'>fitgiunt3</span> <span class='ocrx_word' id='word_1_37' title='bbox 521 1044 702 1121; x_wconf 85' lang='lat' dir='ltr'><strong>proximique</strong></span> <span class='ocrx_word' id='word_1_38' title='bbox 715 1045 773 1104; x_wconf 88' lang='lat' dir='ltr'>vici</span> <span class='ocrx_word' id='word_1_39' title='bbox 785 1047 819 1103; x_wconf 90' lang='lat' dir='ltr'>ab</span> <span class='ocrx_word' id='word_1_40' title='bbox 829 1042 931 1104; x_wconf 86' lang='lat' dir='ltr'>incolis</span> <span class='ocrx_word' id='word_1_41' title='bbox 946 1042 1052 1107; x_wconf 79' lang='lat' dir='ltr'>deserti</span> 
     </span>
     <span class='ocr_line' id='line_1_8' title="bbox 372 1122 1050 1204; baseline 0.001 -21"><span class='ocrx_word' id='word_1_42' title='bbox 372 1123 684 1200; x_wconf 62' lang='lat' dir='ltr'>capiuntur.,1meri0ra</span> <span class='ocrx_word' id='word_1_43' title='bbox 693 1123 885 1204; x_wconf 74' lang='lat' dir='ltr'>regionisejus</span> <span class='ocrx_word' id='word_1_44' title='bbox 894 1122 969 1184; x_wconf 86' lang='lat' dir='ltr'>hau&#39;d</span> <span class='ocrx_word' id='word_1_45' title='bbox 979 1144 1050 1184; x_wconf 85' lang='lat' dir='ltr'>sane</span> 
     </span>
     <span class='ocr_line' id='line_1_9' title="bbox 374 1200 1050 1283; baseline 0 -22"><span class='ocrx_word' id='word_1_46' title='bbox 374 1203 452 1262; x_wconf 83' lang='lat' dir='ltr'>adire</span> <span class='ocrx_word' id='word_1_47' title='bbox 468 1204 528 1263; x_wconf 91' lang='lat' dir='ltr'>sine</span> <span class='ocrx_word' id='word_1_48' title='bbox 541 1224 647 1283; x_wconf 86' lang='lat' dir='ltr'>magna</span> <span class='ocrx_word' id='word_1_49' title='bbox 663 1204 816 1264; x_wconf 81' lang='lat' dir='ltr'>vexatione</span> <span class='ocrx_word' id='word_1_50' title='bbox 836 1200 974 1263; x_wconf 87' lang='lat' dir='ltr'>exercitus</span> <span class='ocrx_word' id='word_1_51' title='bbox 990 1223 1050 1278; x_wconf 90' lang='lat' dir='ltr'>po·</span> 
     </span>
     <span class='ocr_line' id='line_1_10' title="bbox 373 1281 1048 1365; baseline -0.001 -23"><span class='ocrx_word' id='word_1_52' title='bbox 373 1297 456 1342; x_wconf 81' lang='lat' dir='ltr'>terat.</span> <span class='ocrx_word' id='word_1_53' title='bbox 473 1282 547 1365; x_wconf 82' lang='lat' dir='ltr'>Juga</span> <span class='ocrx_word' id='word_1_54' title='bbox 555 1282 700 1342; x_wconf 86' lang='lat' dir='ltr'>montium</span> <span class='ocrx_word' id='word_1_55' title='bbox 709 1283 826 1358; x_wconf 81' lang='lat' dir='ltr'>praealtae</span> <span class='ocrx_word' id='word_1_56' title='bbox 838 1281 933 1348; x_wconf 75' lang='lat' dir='ltr'>silva,</span> <span class='ocrx_word' id='word_1_57' title='bbox 948 1302 1048 1357; x_wconf 86' lang='lat' dir='ltr'>rupes-</span> 
     </span>
     <span class='ocr_line' id='line_1_11' title="bbox 373 1360 1049 1439; baseline -0.003 -18"><span class='ocrx_word' id='word_1_58' title='bbox 373 1382 430 1439; x_wconf 83' lang='lat' dir='ltr'>que</span> <span class='ocrx_word' id='word_1_59' title='bbox 447 1361 530 1422; x_wconf 85' lang='lat' dir='ltr'>inviae</span> <span class='ocrx_word' id='word_1_60' title='bbox 550 1362 661 1439; x_wconf 86' lang='lat' dir='ltr'>sepiunt</span> <span class='ocrx_word' id='word_1_61' title='bbox 676 1383 694 1433; x_wconf 68' lang='lat'>3,</span> <span class='ocrx_word' id='word_1_62' title='bbox 711 1381 745 1420; x_wconf 88' lang='lat' dir='ltr'>ea</span> <span class='ocrx_word' id='word_1_63' title='bbox 767 1382 828 1437; x_wconf 87' lang='lat' dir='ltr'>quae</span> <span class='ocrx_word' id='word_1_64' title='bbox 849 1360 933 1438; x_wconf 88' lang='lat' dir='ltr'>plana</span> <span class='ocrx_word' id='word_1_65' title='bbox 954 1379 1019 1420; x_wconf 90' lang='lat' dir='ltr'>sunt</span> <span class='ocrx_word' id='word_1_66' title='bbox 1032 1399 1049 1429; x_wconf 72' lang='grc'>,,</span> 
     </span>
     <span class='ocr_line' id='line_1_12' title="bbox 372 1439 1050 1519; baseline 0 -20"><span class='ocrx_word' id='word_1_67' title='bbox 372 1460 453 1501; x_wconf 85' lang='lat' dir='ltr'>novo</span> <span class='ocrx_word' id='word_1_68' title='bbox 470 1439 641 1500; x_wconf 83' lang='lat' dir='ltr'>munimenti</span> <span class='ocrx_word' id='word_1_69' title='bbox 654 1460 759 1519; x_wconf 84' lang='lat' dir='ltr'>genere</span> <span class='ocrx_word' id='word_1_70' title='bbox 775 1440 962 1515; x_wconf 76' lang='lat' dir='ltr'>impedierant</span> <span class='ocrx_word' id='word_1_71' title='bbox 981 1443 1050 1499; x_wconf 89' lang='lat' dir='ltr'>bar·</span> 
     </span>
     <span class='ocr_line' id='line_1_13' title="bbox 372 1518 1047 1581; baseline -0.004 -1"><span class='ocrx_word' id='word_1_72' title='bbox 372 1518 446 1580; x_wconf 81' lang='lat' dir='ltr'>bari.</span> <span class='ocrx_word' id='word_1_73' title='bbox 461 1518 588 1580; x_wconf 77' lang='lat' dir='ltr'>Arbores</span> <span class='ocrx_word' id='word_1_74' title='bbox 602 1519 693 1579; x_wconf 86' lang='lat' dir='ltr'>densae</span> <span class='ocrx_word' id='word_1_75' title='bbox 705 1535 769 1580; x_wconf 87' lang='lat' dir='ltr'>sunt</span> <span class='ocrx_word' id='word_1_76' title='bbox 779 1539 815 1579; x_wconf 86' lang='lat' dir='ltr'>ex</span> <span class='ocrx_word' id='word_1_77' title='bbox 825 1518 959 1579; x_wconf 85' lang='lat' dir='ltr'>industria</span> <span class='ocrx_word' id='word_1_78' title='bbox 970 1540 1047 1581; x_wconf 88' lang='lat' dir='ltr'>con·-</span> 
     </span>
     <span class='ocr_line' id='line_1_14' title="bbox 370 1598 1049 1676; baseline 0 -16"><span class='ocrx_word' id='word_1_79' title='bbox 370 1598 453 1668; x_wconf 80' lang='lat' dir='ltr'>sitae,</span> <span class='ocrx_word' id='word_1_80' title='bbox 471 1620 591 1676; x_wconf 82' lang='lat' dir='ltr'>quarum</span> <span class='ocrx_word' id='word_1_81' title='bbox 609 1618 720 1660; x_wconf 88' lang='lat' dir='ltr'>teneros</span> <span class='ocrx_word' id='word_1_82' title='bbox 737 1598 827 1660; x_wconf 90' lang='lat' dir='ltr'>adhuc</span> <span class='ocrx_word' id='word_1_83' title='bbox 844 1619 1049 1660; x_wconf 81' lang='lat' dir='ltr'>ramosmanu</span> 
     </span>
     <span class='ocr_line' id='line_1_15' title="bbox 372 1675 1046 1759; baseline -0.004 -20"><span class='ocrx_word' id='word_1_84' title='bbox 372 1675 511 1748; x_wconf 72' lang='lat' dir='ltr'>deerunt,</span> <span class='ocrx_word' id='word_1_85' title='bbox 524 1701 595 1757; x_wconf 90' lang='lat' dir='ltr'>quos</span> <span class='ocrx_word' id='word_1_86' title='bbox 601 1680 727 1741; x_wconf 84' lang='lat' dir='ltr'>intortos</span> <span class='ocrx_word' id='word_1_87' title='bbox 741 1699 834 1738; x_wconf 87' lang='lat' dir='ltr'>rursus</span> <span class='ocrx_word' id='word_1_88' title='bbox 847 1679 973 1759; x_wconf 86' lang='lat' dir='ltr'>inserunt</span> <span class='ocrx_word' id='word_1_89' title='bbox 983 1695 1046 1740; x_wconf 90' lang='lat' dir='ltr'>tet-</span> 
     </span>
     <span class='ocr_line' id='line_1_16' title="bbox 371 1754 1050 1829; baseline -0.004 -10"><span class='ocrx_word' id='word_1_90' title='bbox 371 1778 427 1829; x_wconf 82' lang='lat' dir='ltr'>rae;</span> <span class='ocrx_word' id='word_1_91' title='bbox 442 1758 597 1823; x_wconf 84' lang='lat' dir='ltr'>indevelut</span> <span class='ocrx_word' id='word_1_92' title='bbox 606 1757 709 1820; x_wconf 84' lang='lat' dir='ltr'>exalia</span> <span class='ocrx_word' id='word_1_93' title='bbox 719 1757 811 1818; x_wconf 80' lang='lat' dir='ltr'>radice</span> <span class='ocrx_word' id='word_1_94' title='bbox 822 1754 941 1817; x_wconf 75' lang='lat' dir='ltr'>laetiores</span> <span class='ocrx_word' id='word_1_95' title='bbox 952 1757 1050 1818; x_wconf 86' lang='lat' dir='ltr'>virent</span> 
     </span>
     <span class='ocr_line' id='line_1_17' title="bbox 370 1836 1048 1915; baseline 0 -18"><span class='ocrx_word' id='word_1_96' title='bbox 370 1839 475 1898; x_wconf 86' lang='lat' dir='ltr'>tnmci.</span> <span class='ocrx_word' id='word_1_97' title='bbox 498 1836 563 1897; x_wconf 86' lang='lat' dir='ltr'>Hos</span> <span class='ocrx_word' id='word_1_98' title='bbox 582 1859 637 1915; x_wconf 89' lang='lat' dir='ltr'>qua</span> <span class='ocrx_word' id='word_1_99' title='bbox 657 1855 756 1900; x_wconf 87' lang='lat' dir='ltr'>natura</span> <span class='ocrx_word' id='word_1_100' title='bbox 776 1836 855 1905; x_wconf 88' lang='lat' dir='ltr'>fert,</span> <span class='ocrx_word' id='word_1_101' title='bbox 881 1836 1048 1897; x_wconf 87' lang='lat' dir='ltr'>adolescere</span> 
     </span>
     <span class='ocr_line' id='line_1_18' title="bbox 370 1915 1046 1995; baseline 0 -19"><span class='ocrx_word' id='word_1_102' title='bbox 370 1936 433 1976; x_wconf 79' lang='lat' dir='ltr'>non</span> <span class='ocrx_word' id='word_1_103' title='bbox 450 1916 564 1990; x_wconf 79' lang='lat' dir='ltr'>sinunt3</span> <span class='ocrx_word' id='word_1_104' title='bbox 582 1918 685 1995; x_wconf 88' lang='lat' dir='ltr'>quippe</span> <span class='ocrx_word' id='word_1_105' title='bbox 703 1918 792 1977; x_wconf 90' lang='lat' dir='ltr'>alium</span> <span class='ocrx_word' id='word_1_106' title='bbox 806 1915 856 1976; x_wconf 88' lang='lat' dir='ltr'>alii</span> <span class='ocrx_word' id='word_1_107' title='bbox 873 1915 951 1992; x_wconf 83' lang='lat' dir='ltr'>quasi</span> <span class='ocrx_word' id='word_1_108' title='bbox 966 1936 1046 1976; x_wconf 83' lang='lat' dir='ltr'>nexu</span> 
     </span>
     <span class='ocr_line' id='line_1_19' title="bbox 369 1994 1046 2074; baseline -0.004 -16"><span class='ocrx_word' id='word_1_109' title='bbox 369 2013 548 2064; x_wconf 74' lang='lat' dir='ltr'>consenant,</span> <span class='ocrx_word' id='word_1_110' title='bbox 568 1996 615 2074; x_wconf 88' lang='lat' dir='ltr'>qui</span> <span class='ocrx_word' id='word_1_111' title='bbox 631 1996 687 2058; x_wconf 72' lang='lat' dir='ltr'>,ubi</span> <span class='ocrx_word' id='word_1_112' title='bbox 712 1996 803 2058; x_wconf 91' lang='lat' dir='ltr'>multa</span> <span class='ocrx_word' id='word_1_113' title='bbox 828 1994 928 2055; x_wconf 89' lang='lat' dir='ltr'>fronde</span> <span class='ocrx_word' id='word_1_114' title='bbox 951 1994 1046 2055; x_wconf 88' lang='lat' dir='ltr'>vestiti</span> 
     </span>
     <span class='ocr_line' id='line_1_20' title="bbox 367 2074 1046 2153; baseline 0 -16"><span class='ocrx_word' id='word_1_115' title='bbox 367 2077 454 2144; x_wconf 80' lang='lat' dir='ltr'>sunt,</span> <span class='ocrx_word' id='word_1_116' title='bbox 476 2075 608 2153; x_wconf 82' lang='lat' dir='ltr'>operiunt</span> <span class='ocrx_word' id='word_1_117' title='bbox 620 2081 742 2140; x_wconf 66' lang='lat' dir='ltr'>summ.</span> <span class='ocrx_word' id='word_1_118' title='bbox 755 2074 853 2152; x_wconf 85' lang='lat' dir='ltr'>Itaque</span> <span class='ocrx_word' id='word_1_119' title='bbox 866 2074 972 2139; x_wconf 83' lang='lat' dir='ltr'>occulti</span> <span class='ocrx_word' id='word_1_120' title='bbox 988 2088 1046 2137; x_wconf 54' lang='lat' dir='ltr'>new</span> 
     </span>
     <span class='ocr_line' id='line_1_21' title="bbox 367 2155 1044 2232; baseline -0.001 -17"><span class='ocrx_word' id='word_1_121' title='bbox 367 2175 585 2216; x_wconf 75' lang='lat' dir='ltr'>nummorum</span> <span class='ocrx_word' id='word_1_122' title='bbox 603 2156 686 2218; x_wconf 83' lang='lat' dir='ltr'>relut</span> <span class='ocrx_word' id='word_1_123' title='bbox 704 2155 799 2231; x_wconf 83' lang='lat' dir='ltr'>laquei</span> <span class='ocrx_word' id='word_1_124' title='bbox 820 2172 963 2232; x_wconf 82' lang='lat' dir='ltr'>perpetua.</span> <span class='ocrx_word' id='word_1_125' title='bbox 977 2158 1044 2231; x_wconf 78' lang='lat' dir='ltr'>sepe</span> 
     </span>
    </p>

    <p class='ocr_par' dir='ltr' id='par_1_3' title="bbox 355 2232 1082 2936">
     <span class='ocr_line' id='line_1_22' title="bbox 367 2232 1082 2310; baseline 0 -16"><span class='ocrx_word' id='word_1_126' title='bbox 367 2234 423 2294; x_wconf 86' lang='lat' dir='ltr'>iter</span> <span class='ocrx_word' id='word_1_127' title='bbox 438 2234 568 2296; x_wconf 74' lang='lat' dir='ltr'>cludunt.</span> <span class='ocrx_word' id='word_1_128' title='bbox 582 2236 651 2297; x_wconf 86' lang='lat' dir='ltr'>Una</span> <span class='ocrx_word' id='word_1_129' title='bbox 663 2235 736 2296; x_wconf 85' lang='lat' dir='ltr'>ratio</span> <span class='ocrx_word' id='word_1_130' title='bbox 753 2251 813 2298; x_wconf 81' lang='lat' dir='ltr'>erat</span> <span class='ocrx_word' id='word_1_131' title='bbox 825 2232 959 2294; x_wconf 76' lang='lat' dir='ltr'>cadendo</span> <span class='ocrx_word' id='word_1_132' title='bbox 976 2254 1047 2310; x_wconf 81' lang='lat' dir='ltr'>ape·</span> <span class='ocrx_word' id='word_1_133' title='bbox 1080 2233 1082 2237; x_wconf 70' lang='grc'>’</span> 
     </span>
     <span class='ocr_line' id='line_1_23' title="bbox 367 2312 1046 2394; baseline 0.001 -21"><span class='ocrx_word' id='word_1_134' title='bbox 367 2313 424 2374; x_wconf 80' lang='lat' dir='ltr'>rire</span> <span class='ocrx_word' id='word_1_135' title='bbox 433 2315 536 2375; x_wconf 81' lang='lat' dir='ltr'>saltum</span> <span class='ocrx_word' id='word_1_136' title='bbox 550 2337 559 2375; x_wconf 76' lang='grc' dir='ltr'><strong><em>ε</em></strong></span> <span class='ocrx_word' id='word_1_137' title='bbox 575 2316 622 2376; x_wconf 83' lang='lat' dir='ltr'>sed</span> <span class='ocrx_word' id='word_1_138' title='bbox 632 2314 691 2376; x_wconf 79' lang='lat' dir='ltr'>hoc&#39;</span> <span class='ocrx_word' id='word_1_139' title='bbox 700 2333 813 2392; x_wconf 80' lang='lat' dir='ltr'>quoque</span> <span class='ocrx_word' id='word_1_140' title='bbox 824 2312 922 2394; x_wconf 81' lang='lat' dir='ltr'>magni</span> <span class='ocrx_word' id='word_1_141' title='bbox 934 2312 1046 2389; x_wconf 78' lang='lat' dir='ltr'>operis.¹</span> 
     </span>
     <span class='ocr_line' id='line_1_24' title="bbox 367 2391 1047 2470; baseline -0.003 -17"><span class='ocrx_word' id='word_1_142' title='bbox 367 2391 470 2455; x_wconf 88' lang='lat' dir='ltr'>Crebri</span> <span class='ocrx_word' id='word_1_143' title='bbox 488 2403 611 2470; x_wconf 81' lang='lat' dir='ltr'>namque</span> <span class='ocrx_word' id='word_1_144' title='bbox 628 2394 697 2456; x_wconf 88' lang='lat' dir='ltr'>nodi</span> <span class='ocrx_word' id='word_1_145' title='bbox 722 2391 889 2454; x_wconf 86' lang='lat' dir='ltr'>duraverant</span> <span class='ocrx_word' id='word_1_146' title='bbox 908 2392 1015 2469; x_wconf 87' lang='lat' dir='ltr'>stipites</span> <span class='ocrx_word' id='word_1_147' title='bbox 1032 2409 1047 2461; x_wconf 88' lang='lat'>,·</span> 
     </span>
     <span class='ocr_line' id='line_1_25' title="bbox 365 2471 1044 2549; baseline 0 -17"><span class='ocrx_word' id='word_1_148' title='bbox 365 2488 397 2532; x_wconf 87' lang='lat' dir='ltr'>et</span> <span class='ocrx_word' id='word_1_149' title='bbox 412 2472 443 2532; x_wconf 88' lang='lat' dir='ltr'>in</span> <span class='ocrx_word' id='word_1_150' title='bbox 458 2493 488 2533; x_wconf 89' lang='lat' dir='ltr'>se</span> <span class='ocrx_word' id='word_1_151' title='bbox 507 2471 648 2549; x_wconf 88' lang='lat' dir='ltr'>implicati</span> <span class='ocrx_word' id='word_1_152' title='bbox 664 2476 799 2533; x_wconf 86' lang='lat' dir='ltr'>arborum</span> <span class='ocrx_word' id='word_1_153' title='bbox 817 2472 889 2531; x_wconf 86' lang='lat' dir='ltr'>rami</span> <span class='ocrx_word' id='word_1_154' title='bbox 905 2471 1044 2546; x_wconf 79' lang='lat' dir='ltr'>suspensis</span> 
     </span>
     <span class='ocr_line' id='line_1_26' title="bbox 364 2551 1047 2632; baseline 0.003 -21"><span class='ocrx_word' id='word_1_155' title='bbox 364 2551 479 2632; x_wconf 83' lang='lat' dir='ltr'>circulis</span> <span class='ocrx_word' id='word_1_156' title='bbox 489 2552 614 2623; x_wconf 88' lang='lat' dir='ltr'>similes,</span> <span class='ocrx_word' id='word_1_157' title='bbox 630 2554 712 2612; x_wconf 90' lang='lat' dir='ltr'>lento</span> <span class='ocrx_word' id='word_1_158' title='bbox 722 2551 831 2616; x_wconf 87' lang='lat' dir='ltr'>vimine</span> <span class='ocrx_word' id='word_1_159' title='bbox 839 2551 1047 2613; x_wconf 84' lang='lat' dir='ltr'>frustrabantur</span> 
     </span>
     <span class='ocr_line' id='line_1_27' title="bbox 362 2628 1043 2711; baseline -0.001 -19"><span class='ocrx_word' id='word_1_160' title='bbox 362 2628 448 2704; x_wconf 68' lang='lat' dir='ltr'>imus.</span> <span class='ocrx_word' id='word_1_161' title='bbox 458 2632 687 2695; x_wconf 55' lang='lat' dir='ltr'>incolumem</span> <span class='ocrx_word' id='word_1_162' title='bbox 704 2630 759 2708; x_wconf 86' lang='lat' dir='ltr'>ritu</span> <span class='ocrx_word' id='word_1_163' title='bbox 776 2631 898 2692; x_wconf 82' lang='lat' dir='ltr'>ferarum</span> <span class='ocrx_word' id='word_1_164' title='bbox 917 2629 1043 2711; x_wconf 81' lang='lat' dir='ltr'>virgulta</span> 
     </span>
     <span class='ocr_line' id='line_1_28' title="bbox 361 2710 1044 2788; baseline -0.009 -15"><span class='ocrx_word' id='word_1_165' title='bbox 361 2710 457 2774; x_wconf 71' lang='lat' dir='ltr'>ubire</span> <span class='ocrx_word' id='word_1_166' title='bbox 467 2710 564 2780; x_wconf 83' lang='lat' dir='ltr'>soliti,</span> <span class='ocrx_word' id='word_1_167' title='bbox 574 2726 648 2776; x_wconf 84' lang='lat' dir='ltr'>:tum</span> <span class='ocrx_word' id='word_1_168' title='bbox 660 2730 774 2788; x_wconf 86' lang='lat' dir='ltr'>quoque</span> <span class='ocrx_word' id='word_1_169' title='bbox 790 2710 966 2772; x_wconf 83' lang='lat' dir='ltr'>intraverant</span> <span class='ocrx_word' id='word_1_170' title='bbox 982 2711 1044 2776; x_wconf 56' lang='lat' dir='ltr'>sal:</span> 
     </span>
     <span class='ocr_line' id='line_1_29' title="bbox 360 2788 1044 2874; baseline -0.003 -22"><span class='ocrx_word' id='word_1_171' title='bbox 360 2804 445 2863; x_wconf 78' lang='lat' dir='ltr'>tum3</span> <span class='ocrx_word' id='word_1_172' title='bbox 460 2790 638 2874; x_wconf 82' lang='lat' dir='ltr'>occultisque¹</span> <span class='ocrx_word' id='word_1_173' title='bbox 650 2790 714 2851; x_wconf 87' lang='lat' dir='ltr'>tel-is</span> <span class='ocrx_word' id='word_1_174' title='bbox 730 2788 842 2851; x_wconf 89' lang='lat' dir='ltr'>bostem</span> <span class='ocrx_word' id='word_1_175' title='bbox 853 2790 1044 2852; x_wconf 58' lang='lat' dir='ltr'>lacessebanti</span> 
     </span>
     <span class='ocr_line' id='line_1_30' title="bbox 355 2865 1044 2936; baseline -0.007 -4"><span class='ocrx_word' id='word_1_176' title='bbox 355 2865 416 2932; x_wconf 75' lang='lat' dir='ltr'>lide</span> <span class='ocrx_word' id='word_1_177' title='bbox 436 2870 602 2931; x_wconf 86' lang='lat' dir='ltr'>venantium</span> <span class='ocrx_word' id='word_1_178' title='bbox 622 2869 713 2929; x_wconf 90' lang='lat' dir='ltr'>modo</span> <span class='ocrx_word' id='word_1_179' title='bbox 730 2869 854 2934; x_wconf 73' lang='lat' dir='ltr'>datibula</span> <span class='ocrx_word' id='word_1_180' title='bbox 875 2885 1044 2936; x_wconf 83' lang='lat' dir='ltr'>scrutatus,</span> 
     </span>
    </p>
   </div>
   <div class='ocr_carea' id='block_1_3' title="bbox 351 2945 1039 3028">
    <p class='ocr_par' dir='ltr' id='par_1_4' title="bbox 351 2945 1039 3028">
     <span class='ocr_line' id='line_1_31' title="bbox 351 2945 1039 3028; baseline -0.013 -11"><span class='ocrx_word' id='word_1_181' title='bbox 351 2946 509 3028; x_wconf 50' lang='lat' dir='ltr'>Quaque</span> <span class='ocrx_word' id='word_1_182' title='bbox 524 2948 654 3028; x_wconf 80' lang='lat' dir='ltr'>confpdit</span> <span class='ocrx_word' id='word_1_183' title='bbox 667 2972 681 3010; x_wconf 79' lang='grc' dir='ltr'>ε-</span> <span class='ocrx_word' id='word_1_184' title='bbox 693 2945 880 3028; x_wconf 72' lang='lat' dir='ltr'>adultimutu,</span> <span class='ocrx_word' id='word_1_185' title='bbox 891 2945 1039 3024; x_wconf 69' lang='lat' dir='ltr'>circundas</span> 
     </span>
    </p>
   </div>
   <div class='ocr_carea' id='block_1_4' title="bbox 0 0 1318 4017">
    <p class='ocr_par' dir='ltr' id='par_1_5' title="bbox 0 0 1318 4017">
     <span class='ocr_line' id='line_1_32' title="bbox 0 0 1318 4017; baseline 0 6"><span class='ocrx_word' id='word_1_186' title='bbox 0 0 1318 4017; x_wconf 95' lang='lat' dir='ltr'> </span> 
     </span>
    </p>
   </div>
  </div>
 </body>
</html>
