2625 4017
400 559 460 633 ‘trs
581 556 623 641 Q.
664 541 905 625 cunuti

401 673 469 723 'tum
490 678 653 739 responsum
676 664 803 739 petitur,
826 661 943 743 navigio
969 677 1070 721 aurato

400 758 511 821 gestant
522 741 678 801 sacerdotes
690 764 699 813 ς
711 744 806 802 multis
819 741 956 823 argenteis
967 741 1070 817 pateris

400 822 438 887 'ab
452 838 572 897 utroque
584 821 690 899 navigii
703 823 789 882 latere
804 820 997 898 pendentibus.
1015 818 1070 877 Se-

400 911 525 975 quuntur
533 917 670 959 matronae
680 902 872 981 virginesque,
883 899 976 977 patrio
987 918 1070 957 more

399 976 579 1039 inconditum
603 978 744 1055 quoddam
773 998 887 1039 carmen
914 995 1073 1044 canentes,

398 1064 460 1135 'quo
474 1056 625 1138 propitiari
643 1056 741 1119 Jovem
760 1060 876 1118 credunt
885 1099 895 1127 ,
919 1077 948 1116 ut
965 1074 1072 1115 cerrum

398 1134 466 1195 'edat
477 1134 627 1198 oraculum.
638 1138 679 1196 At
688 1154 749 1197 tum
759 1138 873 1215 quidem
885 1157 981 1217 regem
998 1155 1070 1211 pro-

399 1216 461 1291 pius
475 1217 626 1276 adeuntem
642 1218 784 1276 maximus
799 1237 867 1277 natu
884 1238 899 1276 e
916 1214 1070 1276 sacerdoti-

399 1296 452 1353 bus
460 1293 556 1373 filium
571 1296 715 1371 appellat3
735 1294 785 1354 hoc
802 1317 898 1357 nornen
913 1294 956 1353 illi
964 1313 1071 1373 paren·

400 1373 565 1436 tenulorem
579 1371 691 1433 reddere
706 1372 857 1437 affirmans.
876 1376 929 1435 lile
941 1394 971 1432 re
982 1392 1045 1432 vert
1058 1410 1070 1441 ‚

398 1451 461 1518 ait,
482 1468 510 1512 er
528 1452 669 1531 accipere,
695 1462 721 1511 et
741 1472 915 1531 agnoscere;
939 1451 1071 1512 humanae

398 1530 482 1590 sortis
495 1532 608 1593 oblitus.
622 1531 773 1591 Consuluit
782 1533 904 1599 deinde,
926 1554 962 1590 uu
983 1530 1070 1589 torius

400 1607 475 1669 ordis
487 1608 628 1689 imperium
637 1600 713 1686 satir
725 1610 780 1669 ridi
797 1611 948 1671 destinaret
964 1610 1072 1689 pater?

399 1684 507 1759 Vates,
525 1689 642 1767 ae'quein
660 1689 853 1751 adulationem
871 1689 1071 1767 compositus,

398 1782 533 1827 terrarum
559 1769 678 1827 omnium
702 1786 832 1828 rectorem
847 1767 914 1845 sore
937 1767 1071 1831 ostendit.

400 1844 469 1907 Post
478 1846 537 1907 haec
547 1848 646 1906 institit
654 1868 835 1925 quaeremur
845 1867 937 1907 omnes
947 1846 1072 1916 parentis

397 1923 446 1983 'sui
463 1924 654 2001 interfectores
666 1946 764 2007 peenas
776 1926 946 1987 dedissent?
968 1926 1072 1985 Saser-

400 2003 452 2062 dos
463 2023 601 2083 parentem
615 2022 768 2087 ejusnegat
779 2004 863 2064 ullius
875 2004 978 2064 sceiere
987 2024 1073 2083 posse

399 2080 503 2143 violari
516 2113 525 2143 .·
539 2081 665 2173 Philippi
675 2104 764 2145 aurem
776 2104 868 2144 omms
879 2082 1072 2158 interfectores

399 2158 488 2221 luisse
506 2162 651 2242 supplicia.
672 2164 805 2237 Adiecit3
828 2162 960 2222 invictum
976 2159 1071 2235 fore,

396 2237 486 2299 donec
500 2240 647 2301 excederet
657 2241 694 2301 ad
707 2242 798 2305 Deos.
809 2242 954 2303 Sacrificio
969 2241 1071 2304 deinde

396 2319 494 2389 facto,
513 2321 587 2381 dona
600 2339 630 2381 et
645 2323 832 2383 sacerdotibus
846 2361 855 2391 ‚
879 2340 907 2381 et
921 2322 991 2380 Deo
1003 2320 1069 2382 data

396 2409 481 2467 sunt,
494 2401 715 2478 permissumque
726 2402 824 2461 amieis
836 2440 844 2469 ‚
861 2418 889 2459 ur
900 2399 954 2480 ipsi
965 2407 1070 2478 quoque

397 2480 575 2538 consulerent
587 2480 695 2541 dorem.
708 2480 789 2540 Nihil
802 2481 921 2557 amplius
931 2482 1069 2555 quaesive-

397 2574 482 2626 runt,
502 2579 609 2634 quam,
630 2580 666 2618 arr
682 2577 777 2619 auctor
793 2575 868 2617 esset
885 2557 940 2617 ridi
960 2556 1069 2617 divinis

397 2632 547 2697 honoribus
555 2635 663 2697 rodendi
673 2659 750 2698 tuum
763 2639 879 2715 regem?
891 2636 954 2695 Hoc
964 2657 1069 2717 quoque

396 2724 536 2795 acceptum
542 2714 682 2791 foredovi
695 2735 773 2779 vates
786 2717 927 2794 respondit
939 2738 948 2788 3
970 2736 999 2775 ur
1011 2714 1067 2794 ipsi

396 2793 526 2854 victorem
536 2815 628 2873 regent
637 2793 732 2855 divino
742 2795 840 2855 honere
851 2795 980 2856 solerent.
988 2796 1070 2856 Vere

397 2890 428 2932 et
438 2874 584 2933 salubriter
599 2875 744 2934 estimanti
755 2875 841 2935 fidem
856 2875 981 2942 oraculi,
991 2885 1070 2934 vanu

396 2954 529 3029 profecto
546 2973 681 3034 responsa
701 2955 789 3023 videri
812 2956 995 3035 potuissent:
1019 2952 1069 3013 sed

918 3050 1043 3116 Fortuna
1055 3094 1069 3124 ,
