2625 4017
345 530 447 654 *sn
567 574 611 659 Q.
658 576 897 642 curari

386 680 621 755 prosequebatur.
642 676 844 757 Admonerique
863 677 960 756 jussit,
983 694 1014 738 ue
1032 675 1062 740 si

387 754 464 822 cordi
487 778 588 836 quoque
609 757 698 819 vestis
719 775 818 829 essec;
840 754 978 835 conficere
1002 778 1065 817 eam

387 851 485 915 neptes
502 856 568 896 suas
587 834 794 911 assuefaceret,
814 834 936 913 donoque
953 834 1065 897 doceret

387 911 466 975 dare.
477 915 522 974 Ad
536 915 609 977 hanc
619 936 724 979 uocem
738 915 861 976 lacrimae
874 917 981 975 obortae
1012 936 1064 975 ro-

387 936 1066 1072 didereanimumaspemantisidmunueQisip·
1117 1058 1120 1062 ,

387 1092 426 1151 pe
436 1094 496 1132 non
511 1074 588 1135 aliud
597 1074 688 1154 magis
700 1076 730 1134 in
743 1073 951 1135 contumeliam
961 1072 1063 1133 Persa·

386 1172 452 1212 rum
472 1152 585 1213 femina
607 1153 774 1230 accipiunt,
800 1172 887 1229 quam
908 1150 1065 1214 admovere

386 1229 461 1291 lane
475 1251 586 1294 manas.
602 1231 745 1292 Nuntiant
760 1230 808 1309 qui
824 1230 900 1291 dona
917 1232 1063 1300 tulerant,

386 1307 497 1370 tristem
510 1331 572 1371 esse
583 1308 761 1391 Sisygomiin
774 1330 787 1382 ,·
806 1308 945 1389 dignaque
957 1330 1000 1370 res
1013 1331 1066 1371 ex·
1119 1373 1127 1382 ,

387 1391 534 1451 amatione
543 1407 572 1450 et
581 1390 686 1450 solatio
697 1390 840 1467 visa.1pse
851 1408 921 1469 ergo
930 1390 1064 1467 pervenit

385 1466 424 1527 ad
434 1487 517 1537 eam,
534 1486 581 1538 et,
595 1486 702 1537 macer,
720 1469 832 1546 inquit,
852 1465 922 1527 hone
931 1484 1062 1536 uestem,

385 1562 440 1624 qua
458 1544 570 1607 indutus
590 1566 673 1617 surn,
694 1566 820 1607 sororum
832 1566 885 1605 non
904 1544 992 1606 solum
1010 1545 1063 1606 do-

387 1644 474 1696 num,
498 1624 548 1685 sed
565 1624 649 1686 eciam
662 1645 728 1706 opus
744 1624 834 1688 uides.
857 1623 960 1685 Nostri
979 1623 1064 1685 dece-

382 1722 507 1785 perenne
518 1725 620 1765 mores.
642 1702 741 1774 Cave,
763 1703 895 1774 obsecro,
921 1702 951 1763 in
965 1721 1065 1764 corrru-

386 1780 499 1843 meiiom
520 1782 643 1863 accipias
665 1783 851 1864 ignorantiam
868 1803 967 1845 meam.
987 1778 1063 1862 Quos

385 1859 428 1921 eui
449 1864 532 1923 moris
549 1882 612 1922 esse
626 1861 763 1942 cognovi,
784 1879 815 1921 uc
832 1882 934 1939 spero,
955 1858 1064 1922 abunde

386 1937 679 2009 seruatasunc.Scio,
697 1940 768 2019 opud
778 1939 927 2018 vosfiiium
937 1939 967 2001 in
980 1960 1064 2000 cons·

384 2036 466 2099 pectu
481 2018 581 2080 macris
592 2017 673 2096 nefus
684 2039 746 2096 erge
757 2018 916 2090 considere,
929 2017 986 2079 nisi
999 2039 1063 2079 cum

385 2094 438 2158 iila
456 2097 585 2178 permisit
598 2124 609 2157 .·
623 2098 843 2177 quotiescumque
863 2097 899 2160 ad
910 2161 914 2167 ,
924 2116 951 2158 ce
971 2097 1062 2169 veni,

385 2175 496 2245 donec,
517 2194 547 2236 uc
562 2177 754 2248 considerem,
779 2198 933 2245 annueres,
955 2175 1063 2241 resciri.

385 2250 573 2316 Procumbens
584 2257 712 2318 venerari
725 2278 767 2318 me
777 2278 849 2330 saeue
860 2255 973 2318 uoluisti
982 2275 995 2327 ‚·
1015 2255 1062 2314 in-

385 2330 475 2397 iibui.
491 2333 678 2404 Dulcissimae
689 2336 773 2397 matri
788 2333 945 2417 Olympiadi
961 2354 1062 2395 nornen

386 2411 532 2486 debitum,
554 2414 605 2474 tibi
619 2413 715 2479 reddo.

394 2527 400 2536 -
427 2494 521 2555 Cae.
539 2495 609 2556 111.
627 2494 767 2576 Mitigato,
780 2494 877 2556 animo
897 2495 981 2571 ejus,
1007 2514 1060 2554 rex

385 2574 492 2652 quartis
507 2573 603 2633 castris
615 2575 789 2651 pervenitad
803 2573 922 2636 fluvium
934 2598 942 2633 a
955 2572 1061 2633 Pasiti-

422 2652 462 2712 'm
481 2652 584 2713 incolae
601 2672 735 2715 vocant:
759 2653 848 2714 oritur
865 2653 894 2712 in
914 2652 1060 2728 montibus

420 2732 553 2801 sciorum,
571 2752 660 2810 etper
677 2755 693 2793 ι
711 2733 797 2793 stadia
807 2732 975 2794 silvestribus
991 2731 1061 2809 ripis

386 2830 509 2889 praeceps
531 2810 604 2871 inter
625 2832 691 2873 saxa
714 2811 884 2874 devolvitur.
905 2810 1061 2887 Accipiunt

387 2889 487 2951 deinde
497 2908 564 2950 eum
573 2892 684 2968 campi,
696 2912 766 2969 quos
776 2890 962 2951 clementiore
972 2889 1060 2951 alveo

387 2968 532 3047 aretusa,
552 2969 613 3051 jam
635 2970 753 3037 riarium
769 2971 891 3052 patiens.
908 2990 947 3032 oc
971 2968 1062 3046 stadia
