2625 4017
398 557 448 610 tn
483 557 520 621 Q·
555 555 761 607 concion
793 555 822 609 t.
858 557 882 608 i.
951 563 984 626 ιχ

313 657 365 698 tum
382 643 479 711 legati,
496 641 595 709 prolixe
610 643 784 693 commendato
800 642 867 710 regis
885 643 987 704 animo,·

314 713 456 778 petiverunt
470 746 479 770 ‚
501 726 529 762 ut
545 710 623 778 ipsum
633 712 715 778 pocius
728 710 830 763 Gracia
842 713 960 762 vindicem
973 747 982 770 ‚

314 800 380 849 onom
391 780 576 849 perturbatores
588 782 638 841 ejus
651 775 807 830 Athenienses
819 795 985 844 sequerentur.

346 848 489 898 CAP.V11.
502 844 541 895 Ac
553 843 734 893 Demosthenes
745 846 809 894 facta
823 844 922 894 dicendi
936 863 984 910 po-

314 928 420 973 testate,
437 914 496 965 Non
511 910 670 979 ignorabam,
690 909 787 974 inquit,
804 912 863 962 istos
878 913 984 980 Philippi

315 982 474 1035 mercenarios
483 995 553 1045 neque
561 976 673 1029 laudibus
682 977 707 1027 in
717 979 791 1044 ipsum
800 1010 808 1034 ‚
825 996 895 1045 neque
905 981 929 1028 in
938 996 983 1030 nos

313 1052 429 1102 conviciis
437 1064 485 1099 esse
494 1060 677 1111 temperaturos.
687 1045 753 1094 Nam
762 1046 801 1110 qni
805 1047 916 1113 pudorem
926 1063 983 1095 eon·

315 1132 474 1171 sumuntur,
498 1112 556 1179 qnid
573 1114 703 1176 loquantur
724 1126 766 1161 ant
777 1112 878 1173 faciant
913 1129 985 1162 annm

314 1187 375 1251 ptnsi
390 1183 494 1237 babent,
510 1180 567 1229 dnm
577 1178 664 1244 cupitis
675 1179 811 1245 potiantur.
826 1178 871 1227 Sel
884 1129 923 1228 illi
933 1179 986 1242 qni·

317 1253 382 1308 iem,
398 1252 421 1301 si
431 1250 488 1301 bene
498 1262 543 1296 vos
557 1247 632 1302 novi,
649 1243 770 1302 Urbani,
784 1260 823 1311 spe
836 1258 880 1292 sua
892 1245 987 1311 egregie

310 1320 391 1384 falsi,
408 1318 510 1391 dignum
519 1313 613 1363 virtute
623 1327 724 1370 vestra,
741 1311 927 1375 Graecorumque
936 1327 987 1361 mo·

318 1386 381 1437 ribns
393 1395 535 1450 responsam
548 1380 579 1429 ad
588 1378 740 1430 Macedonem
752 1377 857 1441 reserent
868 1397 876 1424 .·
885 1392 929 1426 vos
942 1393 988 1427 an·

319 1469 363 1505 tem
377 1453 409 1502 ad
424 1466 451 1503 ct
463 1465 517 1515 qnoe
530 1463 593 1497 nunc
609 1448 701 1513 agenda
715 1460 786 1502 sunt,
803 1445 909 1493 animam
925 1444 987 1493 dili·

316 1516 539 1589 genttracivertitc.
555 1514 623 1564 Nam
634 1528 772 1563 vestrorum
781 1512 986 1578 quoquenegotio·

321 1604 371 1637 rom
392 1599 514 1637 summam
528 1597 590 1631 nnnc
605 1581 646 1648 agi
661 1580 719 1647 ipsis
740 1595 821 1630 rernm
836 1579 986 1645 argumentis

321 1655 483 1708 ostendemus,
493 1664 540 1699 non
552 1648 680 1699 verborum
687 1646 822 1713 praestigiis
832 1682 840 1702 ,
850 1645 932 1710 onibus
942 1644 986 1695 isci

322 1722 398 1771 cereri
411 1737 436 1771 se
447 1718 532 1768 dicant
546 1731 573 1766 ne
586 1714 726 1782 capiamini.
740 1714 784 1763 Sed
794 1713 887 1779 quando
897 1713 932 1762 sic
940 1727 987 1779 pre

322 1788 386 1839 nobis
402 1800 461 1837 sant
476 1782 595 1839 solliciti,
608 1795 700 1848 ponant
716 1794 822 1837 metum,
836 1779 897 1829 nibil
907 1779 987 1842 sacie-

322 1873 388 1912 mns,
403 1870 449 1921 qno
456 1850 625 1916 eloquentiores
633 1851 768 1900 videamur·
780 1847 874 1896 Malam
883 1847 987 1910 qnando·

322 1940 361 1989 qne
375 1936 476 1973 cautam
486 1916 580 1981 adiuvit
587 1913 776 1980 facundiambi
791 1911 879 1963 nudant
895 1912 988 1963 verita·

324 2007 368 2041 tem
384 1985 492 2057 spectari
506 1985 607 2035 dicentis
620 1984 719 2034 interest
737 2016 744 2039 ,
763 1981 837 2031 verba
849 1996 914 2030 nemo
925 1998 990 2046 prn-

324 2060 376 2109 elens
392 2053 515 2123 appendit·
536 2050 588 2100 Nec
605 2050 631 2100 be
648 2050 757 2115 Philippo
774 2047 910 2097 laboramus
925 2066 934 2109 ‚·
955 2048 990 2097 sin·

324 2142 377 2176 sane
387 2136 500 2191 pernos,
513 2119 604 2185 qualem
616 2116 659 2165 isti
661 2117 763 2182 fingunt
777 2136 785 2162 :
801 2115 834 2164 sic
849 2114 921 2165 eciam
931 2116 991 2179 pnl-

324 2194 393 2248 eber,
409 2192 535 2254 eloquens,
554 2200 622 2250 atone
636 2183 692 2233 adeo
703 2186 728 2232 in
741 2181 938 2232 conviviiseciam
950 2181 990 2231 bi.-

325 2261 395 2310 laris.
410 2257 478 2307 Nam
493 2268 516 2305 ec
528 2253 584 2303 binc
597 2267 649 2301 enen
665 2250 856 2309 commeniavcre
871 2248 991 2311 quidam,-

325 2327 380 2378 adeo
389 2326 485 2376 inanem
493 2336 557 2371 vera
562 2318 652 2385 gioria
657 2316 812 2380 fatebantur,
828 2316 938 2364 Ceterum
953 2316 989 2364 le·

325 2409 395 2461 gatos
409 2397 460 2456 ejas
474 2388 551 2437 miror
567 2401 595 2435 ea
607 2384 707 2433 civitati
722 2400 812 2435 nostra
825 2398 906 2431 coram
925 2380 995 2430 vobis

327 2462 451 2524 obiecisse,
467 2471 518 2521 qua
529 2453 550 2501 si
565 2452 669 2500 crimina
683 2465 755 2507 sunt,
771 2466 817 2499 non
831 2448 909 2514 magis
917 2446 994 2497 Atine-

325 2525 462 2581 aiensibus,
476 2537 545 2587 qaam
553 2517 670 2568 Thebanis
677 2517 818 2580 defendenda
826 2532 888 2571 essa,
902 2514 995 2564 incon-

322 2596 387 2658 scsso
401 2607 448 2644 est.
465 2587 593 2654 Popularis
605 2584 667 2634 enim
680 2599 761 2633 stains
774 2582 921 2631 incommoda
937 2596 995 2630 esea-

324 2663 408 2728 gicant
426 2678 435 2706 .·
454 2672 504 2721 qua
519 2655 576 2704 licet
586 2668 632 2701 non
643 2652 778 2717 ignoremus
787 2649 896 2712 utrique,
914 2663 994 2699 tamen

327 2728 392 2794 regio
405 2721 539 2775 dominatui
552 2718 638 2767 merito
650 2718 811 2784 proferimus.
821 2714 897 2779 Arnai
907 2716 946 2763 illi
959 2718 994 2765 sie

326 2794 402 2844 locuti
420 2804 502 2844 sunt,
528 2801 650 2848 tamqnam
669 2785 696 2832 in'
709 2784 808 2833 circulis
831 2798 854 2832 ec
873 2783 995 2833 conviviis

328 2860 487 2915 Macedonum
500 2853 639 2903 adulacione
652 2851 766 2929 gratiam
782 2862 929 2915 qnarercnc3
947 2865 995 2899 non

328 2926 388 2994 apud
403 2924 503 2975 liberam
519 2920 646 2969 civitatem
665 2917 739 2980 officio
756 2918 890 2984 legatorum
905 2914 997 2982 funge-

330 3009 424 3044 rentur.
438 2991 535 3041 Scimus
549 2985 641 3053 quidem
654 2999 739 3051 regum
752 2996 915 3098 regiorgmgae
928 2996 999 3039 rnanq

872 3062 889 3109 ¹l
