2625 4017
488 548 677 614 LIBER
718 549 807 615 lll
934 571 983 628 ¹5¹

316 649 394 747 luitis
403 648 602 716 delimctorum
610 656 796 745 corporibus
785 652 884 713 solutis
897 693 907 739 ⁹.
918 674 989 731 pra·

315 736 404 796 mittit
422 734 458 794 ad
477 736 624 811 captivas,
648 735 697 812 qui
718 735 879 825 nuntiarent
898 732 988 811 ipsum

317 813 440 874 venire:
458 812 634 891 inhibitaque
657 812 855 873 comitantium
877 816 987 881 turba,

315 894 531 953 tabernaculum
546 913 614 953 cum
627 890 855 985 Hephaestione
847 909 942 951 intrat.
961 890 989 952 ls

316 974 404 1065 longe
422 972 555 1031 omnium
576 973 736 1032 amicorum
753 971 910 1032 carissimus
927 990 988 1033 etas

317 1055 400 1133 regi,
424 1071 492 1110 cum
502 1052 566 1127 ipso
578 1051 683 1127 paritet
693 1051 853 1120 educatum
863 1066 989 1139 secretp·

316 1152 380 1191 rum
397 1129 531 1191 omnium
548 1130 671 1190 arbiter.
683 1129 819 1189 libertatis
833 1126 989 1204 quoquein

317 1208 502 1269 admonendo
511 1228 549 1268 eo
558 1227 618 1267 non
628 1208 717 1269 alius
710 1230 752 1287 jus
760 1207 900 1277 habebam
912 1207 990 1282 quod

317 1308 414 1350 tamen
426 1288 467 1348 ita
478 1289 651 1359 usurpabat,
670 1306 701 1347 ut
711 1288 830 1366 magisa
845 1305 911 1364 tege
922 1303 989 1361 per

316 1367 732 1444 nussum‚quamvtndrcatum
741 1371 776 1426 ab
785 1365 990 1427 eovtdetetut

318 1467 345 1508 et
363 1448 438 1508 sicut
456 1462 536 1508 aetate
555 1466 605 1522 par
623 1463 684 1506 erat
701 1446 782 1536 τρεῖς
803 1445 842 1504 ita
862 1446 991 1521 corporis

316 1526 414 1587 babitu
425 1527 583 1603 praestabat.
594 1525 674 1604 Ergo
682 1524 880 1604 reginaeillum
892 1545 989 1601 regem

317 1626 378 1666 esse
395 1622 484 1672 ratae,
509 1624 562 1663 suo
577 1624 659 1664 more
676 1620 902 1665 venerataesunt
920 1602 990 1664 Inde

315 1704 351 1745 ex
362 1683 534 1762 spadonibus
544 1683 680 1761 captivis,
697 1683 758 1760 quis
768 1681 931 1743 Alexander
942 1700 991 1743 es·

316 1782 358 1824 ser
369 1764 609 1853 monstrantibus,
621 1760 793 1851 Sysigambis
804 1760 937 1821 aduoluta
949 1777 994 1822 est
1027 1805 1030 1811 Δ

315 1842 471 1932 pedibus
440 1862 528 1931 elus,
544 1860 745 1920 tgnorartonetn
754 1859 890 1917 nunquam
907 1858 991 1900 antea

316 1921 374 1982 atsi
386 1919 462 2001 regis
474 1940 619 1994 excusans.
623 1920 743 2011 Quam
759 1940 847 1979 manu
863 1921 991 1979 allevans

316 2020 391 2068 rex,
413 2018 468 2058 non
480 1998 600 2067 errasti,
620 1999 734 2074 inquit,
755 2015 865 2067 mutem·
884 2018 948 2058 num
962 2015 992 2057 er

317 2076 363 2153 liic
375 2076 539 2137 Alexander
548 2094 601 2137 est
615 2078 812 2154 Equidem,
791 2100 813 2137 st
829 2075 991 2137 hacconti-

317 2157 417 2218 nentia
428 2158 518 2216 animi
509 2156 567 2215 'ad
581 2158 714 2217 ultimum
732 2158 795 2217 vitae
813 2176 992 2235 perseverare

316 2235 472 2329 potuissem
480 2236 639 2296 feliciorem
649 2238 731 2297 fuisse
740 2236 894 2303 crederem,
904 2256 991 2312 quam

315 2318 394 2377 visus
412 2330 455 2375 est
472 2334 551 2381 esse,
567 2337 633 2375 cum
647 2315 741 2374 Liberi
759 2315 845 2392 patris
863 2314 992 2375 imitare·

316 2412 363 2454 tut
375 2393 574 2472 triumphum,
596 2397 632 2454 ab
643 2394 838 2471 Hellesponto
853 2411 941 2468 usque
955 2388 992 2453 ad

316 2473 474 2534 Oceanum
490 2494 590 2533 omnes
600 2492 700 2553 gentes
714 2472 834 2533 victoria
847 2490 989 2533 emensus.

315 2551 442 2614 Vicisset
462 2552 593 2643 profecto
610 2553 770 2629 superbiam
790 2568 873 2628 atque
894 2550 991 2619 itam,

316 2632 418 2691 mala
409 2632 537 2691 invicte:
550 2632 746 2692 abstinuisset
738 2648 811 2690 mter
817 2630 923 2706 epulas
935 2651 991 2693 cat-

316 2710 398 2770 dibus
408 2710 589 2770 amisorum·
580 2752 590 2782 ‚
601 2711 786 2801 egregiosque
801 2707 920 2769 bello
892 2728 990 2776 vatos,

317 2806 347 2849 et
367 2804 412 2848 tot
425 2789 554 2880 gentium
567 2810 664 2849 secum
683 2790 860 2857 domitores,
883 2786 989 2848 indicta

316 2888 404 2927 causa
420 2868 526 2927 veritus
542 2886 613 2928 esset
631 2869 772 2932 occidere.
790 2868 845 2927 Sed
861 2868 990 2929 nondum

315 2946 432 3007 fortuna
444 2967 474 3008 se
484 2947 585 3008 animo
587 2947 661 3024 eius
672 2948 875 3027 superfuderat.
888 2947 987 3025 ltaque

785 3044 894 3108 .Nir
