2625 4017
428 546 616 637 hIBER
667 574 742 641 lv.
864 596 919 648 179

250 693 366 755 quoque
389 675 529 743 traditur,
554 676 676 736 cultores
697 676 757 753 ejus
780 672 829 736 fati
868 678 919 746 ti,

249 776 328 817 nova
348 772 378 817 et
398 773 513 817 externa
534 754 681 815 domicilia
701 753 786 817 armis
809 696 923 820 sihimet

249 855 374 913 querere
394 836 580 916 cogebantur.
601 834 700 895 Multis
720 856 789 917 ergo
813 835 922 898 casibus

249 913 404 983 defuncta,
423 931 452 975 et
468 934 533 991 post
548 912 692 974 excidium
706 930 824 983 renata,
844 934 922 976 nunc

249 1011 349 1054 tamen
368 993 456 1074 longa
473 1012 543 1071 pace
561 1010 663 1053 cuncta
680 992 845 1061 refovente,
869 996 920 1058 sub

248 1072 339 1134 tutela
351 1070 491 1149 Romane
502 1071 722 1132 mansuetudinis
735 1071 898 1147 acquiescit.

289 1150 369 1213 Cur.
382 1150 423 1213 V.
435 1150 537 1211 Iisdem
545 1150 633 1211 ferme
641 1150 737 1214 diebus
744 1149 826 1211 Darii
833 1150 920 1213 litem

249 1230 343 1293 allatae
359 1246 444 1297 sunt,
467 1229 582 1291 tandem
598 1246 629 1290 ut
639 1228 699 1313 regi
709 1228 825 1306 scripte.
838 1228 921 1291 Pete·

248 1312 315 1379 bat,
331 1307 372 1369 uti
381 1304 473 1387 filiam
484 1328 584 1377 suam,
600 1308 709 1370 Statirae
719 1326 780 1371 etat
792 1328 919 1379 nomen,

247 1386 355 1471 nuptiis
372 1384 534 1449 Alexander
549 1385 605 1447 sihi
623 1387 795 1467 adjungeret.
811 1384 920 1450 Dotem

241 1469 308 1546 fore
329 1486 434 1527 omnem
455 1466 594 1545 regionem
615 1466 690 1529 inter
709 1464 919 1545 Hellespontum

248 1564 278 1609 et
303 1527 399 1628 Halyn
421 1567 528 1607 amnem
548 1544 658 1616 situm‚·
686 1545 750 1609 inde
775 1542 919 1608 Orientem

246 1624 437 1705 spectantibus
459 1623 543 1686 terris
564 1641 720 1685 contentum
739 1645 770 1686 se
784 1621 863 1699 fore.
885 1620 920 1685 Si
978 1648 990 1669 ·

239 1704 319 1783 forte
340 1702 478 1768 dubitaret
502 1700 573 1782 quod
593 1699 736 1782 offerretur
761 1700 919 1781 accipere.-

245 1804 385 1864 nunquon
409 1781 457 1842 diu
474 1781 567 1843 eodem
586 1782 706 1865 uestigio
726 1800 804 1844 stare
817 1778 918 1856 sorat-

245 1884 312 1925 num
325 1882 338 1934 ,·
350 1881 506 1943 semperque
516 1858 661 1931 honines,
677 1880 919 1941 quantamcumque

238 1940 410 2019 felicitatem
419 1938 705 2010 habeant,inuidiun
714 1959 805 2004 tamen
814 1938 919 2001 sentire

245 2022 387 2101 majorem.
400 2016 494 2081 Vereri
507 2058 518 2089 ,
532 2041 567 2080 ne
582 2039 612 2080 se
628 2019 722 2081 auium
737 2020 814 2082 modo
826 2058 837 2088 ‚
849 2038 923 2097 quos*

245 2097 388 2161 naturalis
397 2097 498 2159 leuitas
509 2116 604 2177 ageret
618 2098 655 2158 ad
665 2098 779 2166 sidera,
794 2094 872 2158 inani
883 2116 917 2157 ac

239 2178 345 2261 puerili
357 2176 458 2237 mentis
476 2174 577 2257 affiatu
594 2174 716 2317 efferret.
732 2175 818 2242 Nihil
838 2171 918 2253 diffi-

245 2256 332 2319 cilius
345 2277 427 2326 esse,
447 2276 527 2335 quarn
545 2256 574 2316 in
590 2254 602 2315 i
624 2276 735 2319 aetate
751 2275 857 2322 tantam
868 2274 918 2316 ca-

240 2356 311 2417 pere
322 2335 475 2412 fortunam.
494 2333 604 2395 Multas
624 2357 655 2395 se
674 2335 763 2400 adhuc
783 2332 918 2412 reliquias

244 2414 372 2487 hudere;
403 2435 454 2474 nec
482 2434 590 2495 semper
619 2415 649 2476 in
671 2413 814 2495 angustiis
835 2428 919 2491 posse

246 2492 412 2573 deprehendi
432 2519 442 2553 .·
462 2490 655 2554 transeundum
674 2514 737 2554 esse
756 2487 918 2553 Alexandro

245 2570 430 2655 Euphraten,
448 2569 600 2651 Tigrinpue
616 2572 792 2640 etAraxen,
814 2588 841 2631 et
855 2566 917 2638 Hp·

245 2650 373 2732 dospen,
391 2671 491 2729 magna
506 2649 676 2712 munimenta
692 2650 771 2743 regni
787 2648 843 2711 sui.
861 2644 917 2709 Ve-

244 2730 376 2792 niendant
391 2729 421 2789 in
438 2750 568 2804 campos,
593 2730 639 2791 ubi
652 2746 918 2812 paucitatesaorurn

246 2807 458 2870 erubescendum
478 2810 527 2873 sit.
550 2807 698 2881 Mediam,
719 2806 887 2890 Hyrcaniam
903 2823 924 2875 ,ἱ

244 2886 375 2958 Bactra,
397 2906 424 2950 et
445 2886 529 2948 Indos
550 2886 657 2951 Oceani
677 2888 787 2951 accolas
809 2882 919 2965 quando

244 2965 413 3036 aditurum?
442 2966 488 3031 vei
505 2964 662 3054 Sogdianos
679 2986 706 3034 et
722 2965 919 3038 Arachosios,
