2625 4017
397 571 437 621 ἐξ
505 561 533 620 J.
567 564 756 619 FREINSH.
791 561 983 616 suPPLnM.

404 656 507 709 fortiter
525 654 690 711 retuderunt,
718 649 785 703 cesis
807 651 871 701 inter
891 650 956 715 alios
979 648 1078 703 duobt'ts

406 722 541 775 Hellanicae
553 721 629 779 filiis,
652 735 703 785 quae
719 717 800 771 nutrix
816 718 952 771 Alexandri
970 723 1052 769 fuerat
1069 755 1077 777 ,

407 806 433 841 tt
442 790 554 845 Clitum,
573 788 613 852 qui
629 802 796 849 regeseruato
811 785 926 835 eximium
940 787 1015 836 decus
1025 801 1078 837 nto·

406 856 475 915 ruit,
494 861 593 906 fratrem
613 854 736 915 habebat:
755 855 800 903 Sed
814 870 868 903 cum
884 854 974 903 dolore
992 853 1077 917 iraque

404 923 498 975 incensi
513 924 597 972 hostes
610 920 728 969 machinis
743 919 850 970 admotis
863 937 975 998 inagnarn
988 937 1076 970 muro-

406 1008 460 1041 rum
477 1006 570 1054 parcent
587 987 750 1049 dejecissent,
766 988 788 1048 ja
791 1004 860 1051 mque
871 988 896 1037 in
907 986 1049 1052 oppidum
1041 1004 1077 1037 tr-

405 1057 500 1121 rupturi
517 1057 678 1113 viderentur,
696 1054 881 1118 conspectisque
898 1054 1011 1119 inportu
1022 1057 1077 1105 Ma-

405 1128 526 1175 cedonum
543 1116 704 1180 triremibus,
713 1137 807 1181 novus
822 1136 905 1175 terror
924 1121 1074 1186 ingrueret·
1067 1154 1075 1178 ,

404 1209 461 1258 pars
478 1190 553 1241 scutis
572 1188 737 1238 incubantes
730 1204 755 1237 ru
771 1204 872 1264 parvam
894 1187 998 1238 insulam
1018 1188 1074 1252 urlti

404 1260 558 1317 obiacentem
568 1272 742 1314 enataverunt,
758 1253 799 1303 alii
814 1254 908 1325 scaphis
919 1255 1074 1315 conscensis,

405 1326 542 1375 cumidem
560 1323 723 1380 molirentur,
739 1320 765 1370 in
784 1320 839 1384 ipso
856 1338 943 1386 portua
958 1323 1025 1373 aditu
1043 1323 1075 1371 ab

401 1392 512 1447 hostium
523 1389 628 1455 navigiis
637 1388 767 1452 intercepti
776 1403 842 1441 tunt.
850 1391 1009 1452 Alexander,
1010 1406 1076 1467 op·

332 1463 339 1476 ·
386 1514 388 1517 y
405 1459 488 1523 pido
482 1476 507 1507 rn
520 1472 668 1531 potestatem
684 1459 801 1515 redacto,
820 1472 906 1518 contra
921 1455 1016 1523 eosqui
1032 1472 1075 1506 rn-

403 1528 480 1576 'aulant
499 1515 630 1581 tenibant,
649 1539 723 1573 naves
744 1522 882 1574 crediti
875 1523 963 1586 jussit,
984 1524 1074 1589 quibus

402 1592 524 1658 impositae
543 1591 623 1654 proris
636 1591 704 1639 scalae
719 1540 877 1648 reiciantur,
895 1606 925 1642 ut
941 1591 966 1641 in
983 1592 1041 1640 abru
1102 1589 1109 1606 ⁸

401 1659 546 1710 tantinsultc
556 1675 645 1715 oratn,
660 1657 767 1709 velutin
775 1674 857 1720 muros
867 1627 965 1708 itostilis
982 1608 1075 1721 oppii}
1085 1712 1089 1718 ,

394 1728 584 1779 ¹transcenderet
597 1742 628 1774 nn
624 1725 677 1776 les.
698 1725 737 1775 At
749 1734 803 1775 curn
818 1725 982 1775 mercenarios
1003 1726 1073 1780 Gr:

403 1811 466 1852 coa,
484 1794 526 1858 qui
541 1810 570 1842 co
586 1795 763 1856 confugerant,
782 1790 907 1856 quamvis
908 1792 971 1842 haud
987 1793 1073 1856 plures

382 1883 384 1887 ’
399 1860 519 1913 trecentis
529 1875 621 1916 essent,
637 1858 722 1908 ultima
732 1857 781 1922 pati
791 1874 890 1923 paratos
900 1875 985 1924 conspr
978 1860 1072 1919 iceret,

402 1928 517 1982 misertus
527 1926 637 1975 virorum
647 1925 749 1982 fortium
760 1961 767 1983 ,
786 1925 860 1992 etqui
870 1943 916 1990 pro
930 1925 999 1977 fide
992 1942 1016 1975 tn
1026 1942 1071 1977 eos

393 1997 416 2047 'a
430 1994 533 2070 quibus
526 1992 641 2042 conducti
652 2007 739 2051 erant,
758 1993 822 2042 haud
836 1991 1009 2056 proculeritio
1023 1994 1071 2044 ab·

402 2077 505 2119 essent,
525 2058 557 2108 iis
575 2060 704 2123 pepercit,
724 2074 750 2109 cc
771 2078 848 2111 secum
866 2061 995 2113 militare
989 2060 1069 2122 1ussit.

391 2126 535 2179 'Barbaros'
529 2144 553 2174 tn
565 2128 623 2176 urbe
638 2126 816 2189 deprehensoa'
810 2143 834 2175 in
844 2125 1019 2178 servitudinem
1029 2143 1073 2178 ro·

398 2196 487 2273 degit3
502 2194 606 2242 Milesiis
620 2193 680 2258 qui
672 2197 852 2255 Nuperfucrant
859 2191 1004 2245 libertarent
1014 2210 1074 2244 res-

398 2263 487 2319 tituit,
505 2262 538 2310 ob
553 2276 660 2311 veterem
672 2259 863 2325 urbisgloriatn.
878 2265 983 2312 Tantum
1001 2260 1069 2313 enirn

357 2325 359 2330 ¹
400 2329 531 2406 aliqnando
551 2327 640 2390 opibus
657 2326 785 2393 gloriaque
805 2327 907 2403 Miletus
925 2329 1069 2389 floruerat,

399 2414 428 2448 ut
444 2413 488 2462 per
501 2394 582 2444 vicina
598 2394 674 2443 maria
689 2410 761 2457 snpra
780 2393 932 2471 septuaginta
955 2395 1070 2448 coloniae

399 2462 537 2515 deduxerit.
554 2461 640 2511 Multis
657 2477 754 2525 qnoque
770 2460 865 2510 civibus
883 2461 1003 2520 nobilis,
1025 2462 1069 2530 qui

341 2553 343 2558 ·
395 2530 425 2582 in
434 2548 508 2581 tactis
516 2528 689 2579 certaminibus
700 2528 804 2591 palmam
814 2528 914 2592 adepti,
930 2528 1018 2607 patrie
1029 2546 1070 2580 ce-

396 2596 537 2649 lebritatem
555 2611 693 2646 auxerant:
714 2609 769 2644 nam
787 2594 907 2671 eiusrnodi
926 2595 966 2645 vic
968 2595 1040 2646 toriae
1058 2632 1068 2656 ,

397 2667 467 2715 niore
477 2665 580 2728 quodam
594 2660 755 2712 Grecorurn
748 2677 811 2711 inter
821 2661 898 2725 prima
907 2662 1006 2713 virentia
1022 2664 1068 2714 de-

392 2749 456 2781 cora
473 2745 609 2781 censentur.
629 2734 656 2779 ln
675 2745 745 2793 quern
764 2730 879 2789 jocatus,
901 2728 1067 2787 Alexander,

396 2815 483 2863 inagna
506 2796 666 2847 multitudine
690 2810 822 2846 statuarum
843 2811 999 2859 conspecta,
1021 2798 1068 2851 ubi

393 2867 465 2921 'erant
480 2866 581 2916 istorum
597 2865 696 2921 lacerti,
712 2860 807 2926 inquit,
822 2880 875 2918 cum
886 2865 1039 2926 Persarum
1024 2883 1068 2930 Ju-

395 2951 450 2983 vum
465 2934 561 2998 recepitt
551 2931 604 2979 tis?
623 2930 712 2994 quippe
723 2928 763 2979 vir
776 2945 906 2987 strenuus,
925 2945 950 2979 et
966 2921 997 2982 ad
1013 2931 1068 2981 bel·

354 3054 356 3058 ,
390 2975 460 3051 laudi
475 3014 544 3050 usum
560 3012 648 3047 cuncta
663 2995 813 3055 referent,'
805 2995 1001 3063 ignominiosum
1016 3000 1066 3049 du·

989 3067 1066 3116 cebat
