2625 4017
421 570 613 638 LIBER
650 576 759 641 Vll.
857 594 928 652 347

252 671 337 736 rlonis
351 670 513 735 honoramur
524 695 538 748 ;
561 694 622 735 cum
631 674 758 756 pramiis
774 673 867 737 onusti
880 695 930 736 re·

252 752 407 823 vertimur,
420 752 568 832 puisferre
579 774 631 814 nos
639 756 757 835 potest?
772 753 834 835 quis
847 752 928 816 illam

252 831 406 894 animorum
418 830 594 894 alacritatem
606 834 774 895 continere?
789 829 929 896 Militan-

252 911 325 972 cium
336 931 387 971 nec
398 909 578 991 indignatio,
599 933 650 973 nec
669 911 770 976 latitia
788 911 930 974 moderata
961 957 965 964 -

254 1010 310 1053 est.
324 987 503 1051 Adomnesa
528 1011 604 1052 ectus
613 991 715 1073 impetu
726 992 862 1074 rapimur.
871 987 903 1056 V
899 1011 929 1083 ξ

252 1087 430 1151 superamus,
446 1067 456 1129 l
511 1090 612 1141 amus,
626 1070 806 1142 miseremur,
821 1069 931 1138 irascaae

254 1168 342 1220 mur,
368 1167 510 1229 utcumque
534 1169 658 1231 praesens
688 1149 775 1212 morit
802 1145 929 1232 affictio.

255 1225 343 1289 Modo
355 1226 464 1289 Indiam
474 1228 552 1290 adire
562 1247 590 1290 et
599 1226 740 1291 Oceanum
748 1227 817 1292 libet
824 1227 928 1302 ;modo

254 1306 401 1388 conjugum
418 1326 445 1368 et
463 1305 608 1370 liberorum
628 1308 779 1389 patriaque
797 1308 929 1384 memoria
1007 1331 1012 1354 ··

238 1386 385 1449 'occurrin
397 1382 454 1446 Sed
467 1386 519 1447 lias
531 1387 734 1468 cogitationes,
747 1386 800 1450 lias
810 1388 885 1451 inter
895 1407 930 1462 se

254 1462 464 1544 colloquentium
483 1486 586 1537 uoces,
613 1467 727 1547 signum
749 1466 814 1528 tuba
833 1466 928 1529 datum
953 1533 957 1540 ,

245 1540 321 1625 finit
331 1570 341 1605 .·
352 1543 382 1605 in
393 1564 458 1604 suos
474 1543 584 1607 ordines
594 1546 708 1626 quisque
723 1545 879 1616 currimus,
898 1562 929 1608 et

239 1621 387 1703 -quidquid
403 1622 508 1684 irarum
524 1624 555 1685 in
572 1624 749 1687 tabernaculo
769 1626 929 1715 conceptum

240 1714 321 1771 'est,
343 1702 374 1763 in
390 1700 510 1763 lrostium
526 1700 678 1783 effimdirur
693 1702 797 1785 capita.
809 1704 928 1772 Utinam

253 1779 930 1865 Philotasquoqueirrtraaerbapeccasset.Proin·

256 1858 291 1921 de
304 1858 341 1920 ad
351 1859 382 1920 id
395 1862 538 1933 reuertar,
556 1862 746 1954 propterquod
760 1861 803 1925 rei
819 1882 927 1928 sumus.

254 1938 437 2011 Amicitiam,
463 1961 522 2017 puoe
545 1940 625 2004 nolus
640 1963 701 2003 cum
716 1940 831 2005 Pluilota
841 1940 927 2019 fuit,

256 2018 325 2082 adeo
342 2040 396 2082 non
413 2039 444 2081 eo
463 2019 592 2102 infitias,
612 2040 643 2082 ut
663 2022 804 2103 expetisse
823 2041 927 2111 quopue

254 2119 306 2160 nos
323 2141 334 2168 ,
357 2119 523 2180 magnosque
541 2120 578 2162 ex
597 2121 630 2160 ea
639 2099 753 2177 fructus
767 2120 928 2183 percepisse

254 2176 396 2255 confitear.
411 2177 459 2239 An
472 2199 534 2240 aero
545 2177 765 2251 Parmenionis,
780 2199 858 2259 quem
874 2169 928 2239 rili

251 2256 410 2339 proximum
420 2277 482 2318 esse
493 2256 744 2338 roluisd·,filium‚
755 2278 848 2329 ornnes
855 2276 927 2395 pene

254 2336 360 2397 amicos
374 2355 436 2397 tuos
449 2333 610 2415 dignatione
624 2336 800 2407 uincentem,
824 2356 856 2397 cu
869 2351 927 2404 tune

253 2437 273 2478 a
285 2415 365 2475 nobis
375 2435 438 2476 esse
447 2411 583 2477 miraris?
596 2415 639 2476 Tu
650 2413 780 2483 nercule,
794 2414 822 2475 si
834 2433 928 2478 rerum

254 2492 434 2563 audireris,
448 2513 518 2563 rex,
536 2492 617 2572 liujus
627 2492 707 2554 nobis
713 2491 829 2574 periculi
840 2512 927 2562 causa

255 2594 298 2635 es.
316 2567 392 2651 Quis
406 2572 479 2633 enim
492 2570 565 2634 alius
578 2570 690 2653 effecit,
706 2590 737 2633 us
746 2570 783 2632 ad
792 2569 927 2634 Plrilotan

255 2651 451 2721 decurrerent,
470 2651 516 2726 oui
533 2650 643 2732 placere
664 2649 766 2714 uellent
786 2650 865 2713 tili?
880 2650 927 2712 nh

254 2730 305 2791 illo
326 2728 423 2790 traditi
440 2729 476 2791 al
494 2729 564 2791 liunt
583 2729 702 2811 gradum
719 2729 852 2792 amicitie
871 2749 928 2792 ruae

254 2808 441 2871 ascendimus.
458 2807 489 2869 Is
502 2808 573 2889 apud
584 2828 611 2871 re
618 2808 701 2886 fuit,
720 2811 797 2889 tup'res
804 2808 929 2890 gratim

253 2905 407 2968 expetere;
424 2906 452 2950 et
463 2887 533 2948 iram
543 2887 639 2951 timere
647 2909 801 2969 possemus.
812 2888 859 2950 An
870 2907 928 2950 noa

250 2965 442 3052 propemodum
460 2965 491 3030 in
513 2984 562 3030 tua
582 2967 692 3041 uerba,
711 2967 754 3031 tui
771 2975 927 3054 ¹ornnem
