2625 4017
290 568 343 633 'tei
392 566 420 623 3.
453 557 644 621 mmcd.
682 557 888 618 stitutum·

293 660 462 723 seditionem
471 657 596 717 militum
604 653 712 717 movit.
724 654 867 732 Namque
878 647 963 732 copid-

294 760 360 801 rum
380 741 464 799 duces
482 754 566 813 atque
586 734 699 795 amicos
720 734 812 811 ejus,
837 728 965 809 manipuli

294 819 418 888 adeunt,
432 834 574 894 petentes,
587 831 618 871 ut
627 812 654 871 si
665 832 736 890 quos
749 810 845 871 adhuc
855 810 966 890 pristina

294 917 370 957 noxa
379 896 521 987 judicaret
536 911 597 951 csse
613 907 788 960 contactos,
801 889 916 969 juberet
929 888 967 947 in·

294 973 408 1055 temict,
428 971 527 1055 offerte
537 990 569 1029 se
586 990 707 1051 corpora
717 968 797 1039 itae,
816 967 968 1029 trucidaret.

296 1144 970 1204 1ΗέΗῇΗᾶῢῇΗῆῊῇΗΗΗΜ

291 1289 369 1369 ¹¹J.
418 1288 939 1361 FREINSHEMII

290 1484 294 1490 '
376 1465 904 1537 SUPPLEMENTUM.

299 1650 367 1781 T
378 1663 449 1702 etun
458 1665 473 1702 ε
482 1665 503 1701 te
517 1666 564 1716 pte
579 1649 669 1699 dolore
678 1645 723 1696 vix
732 1644 832 1699 mentis
850 1657 973 1713 compatet

378 1718 486 1770 universi
505 1730 651 1768 concurrunt
666 1714 695 1762 od
714 1714 816 1781 regiam
832 1753 841 1777 ,
860 1716 973 1779 armisque

300 1801 359 1839 ante
368 1790 434 1838 foret
450 1786 584 1851 projectis,
598 1779 702 1834 tunicati
714 1784 865 1843 adstantes,
882 1785 974 1835 audon

301 1854 403 1907 obnoxia
418 1855 495 1923 paenis
517 1869 616 1921 corpora
632 1850 734 1900 admitti
751 1849 850 1901 fientes
869 1851 974 1901 orabunt·

303 1922 362 1972 Non
376 1940 399 1973 se
412 1924 550 1989 deprecati,
567 1919 624 1986 quin
638 1917 763 1983 suppliciis
773 1921 892 1970 sontium
902 1919 975 1985 expia·

301 2004 404 2045 rentur,
422 2006 474 2055 qua
483 2005 527 2053 per
540 1986 716 2039 contumaciam
725 1984 899 2051 deliquissent·
911 1983 976 2052 Regio

301 2055 454 2107 iracundiam
471 2055 518 2107 sibi
532 2069 608 2106 morte
624 2051 761 2102 tristiorem
778 2070 834 2105 esse
872 2056 976 2115 Cumque

301 2121 356 2172 dies
373 2138 505 2186 noctesque
522 2138 577 2171 aute
594 2117 685 2183 regiam
701 2115 889 2179 persistentes,
908 2117 975 2168 mise·

301 2190 375 2241 rabili
395 2192 501 2242 clamore
515 2188 646 2251 habituque
662 2182 841 2248 poenitentiam
858 2204 928 2236 suam
943 2202 977 2249 ap-

300 2258 454 2323 probarent3
474 2256 575 2307 biduum
591 2268 673 2303 tamen
689 2252 810 2302 advertus
831 2253 979 2304 humillimas

300 2341 403 2376 tuorum
412 2341 495 2389 preces
510 2321 691 2379 iracundiaeius
705 2318 821 2372 duravit.
837 2320 930 2372 Tettio
944 2318 979 2369 die

302 2391 384 2443 victus
399 2391 534 2442 constantia
548 2387 703 2453 supplicum,
719 2388 852 2449 processit
867 2409 873 2438 :
889 2388 980 2438 incuti·

301 2475 375 2526 taque
384 2458 472 2509 leniter
481 2457 598 2508 exercitus
608 2453 766 2504 immodestia
775 2489 783 2511 ,
793 2471 850 2505 uon
860 2457 915 2507 sine
925 2454 981 2506 mul·

300 2528 335 2578 tis
352 2527 473 2591 utrimque
490 2522 621 2591 lacrymis,
640 2525 665 2572 in
678 2523 792 2589 gratiam
809 2541 837 2575 se
855 2543 911 2574 cum
922 2520 981 2590 'ipsit

301 2598 380 2648 redire
395 2597 517 2658 professus
535 2607 581 2642 est.
596 2589 678 2653 Digna
695 2603 780 2637 tamen
797 2605 840 2639 res
858 2590 915 2641 vise
932 2601 978 2643 est,

289 2665 353 2727 'quae
362 2660 493 2722 maioribus
503 2657 590 2709 hostiis
600 2655 745 2720 expiaretur.
758 2659 851 2719 ltaque
861 2654 980 2708 sacrificio

301 2728 432 2794 magnifice
447 2741 606 2791 perpetrato,
625 2724 790 2772 Macedonum
805 2724 889 2775 timul
904 2727 982 2774 Perta·

301 2812 404 2860 tumque
412 2795 530 2859 primores
540 2790 658 2843 invitavit
667 2790 696 2839 ad
707 2790 802 2852 epulas.
815 2791 919 2845 Novem
928 2793 981 2841 mil·

302 2868 339 2916 lia
348 2883 373 2917 eo
383 2865 494 2914 convivia
503 2862 617 2929 excepisse
627 2894 635 2917 ,
646 2855 774 2921 proditum
785 2872 825 2906 est
836 2857 981 2913 memorie,

302 2949 383 2997 eoscuc
396 2947 474 2982 amnes
490 2931 609 2979 invitante
625 2943 679 2994 tege
695 2943 722 2977 ex
737 2926 818 2975 eadem
834 2942 937 2979 cratere
950 2924 984 2976 di·

301 2998 414 3053 davisse.
436 2998 529 3047 Graecit
549 2994 702 3058 barbarisque
719 2990 842 3050 vatibus,
862 3010 920 3045 tucn
937 2991 984 3042 aiio

297 3064 469 3133 stastatuta
488 3061 669 3135 preeuntibus,
690 3074 743 3113 tum
765 3059 887 3131 inprimis
911 3077 940 3111 ut
960 3070 984 3109 et

861 3148 987 3216 utriusque
