2625 4017
400 564 464 645 ‘49⁸'
586 563 630 647 Q.
669 564 922 629 cunrrr

444 670 523 731 Cnr.
537 666 640 731 VIII.
656 668 794 729 ludorum
807 668 902 748 legati
913 666 1031 731 dimissi
1042 668 1091 733 do?

403 770 492 818 mos,
510 750 606 827 paucis
621 768 686 826 post
697 748 794 808 diebus
808 768 880 807 curn
896 746 988 810 donis
1002 758 1093 812 reveri

402 848 512 891 cuntur.
527 829 664 889 Trecenti
677 846 757 888 erant
768 826 834 905 equi
847 866 858 895 ‚
872 827 962 889 mille
979 828 1090 910 triginta

311 940 321 952 ..
403 930 502 971 currus
515 949 526 977 ,
549 929 620 985 quos
642 907 800 988 quadrijugi
824 907 895 984 equi
919 908 1089 979 ducebant,

403 988 487 1049 Iineae
507 990 590 1050 vestis
608 989 808 1065 aliquantum,
830 986 917 1047 mille
936 1005 1022 1050 scuta
1043 989 1088 1049 In·

404 1069 496 1138 dica,
526 1088 556 1128 et
579 1068 645 1128 letti
666 1066 777 1127 candidi
798 1066 910 1127 talenta
936 1085 1058 1129 centum
1077 1087 1086 1139 ς

402 1149 558 1223 leonesque
586 1169 653 1207 rarae
680 1146 885 1227 magnitudmis
912 1165 946 1207 et
969 1147 1084 1229 tigres,

404 1247 557 1304 utrumque
567 1227 675 1287 animal
684 1227 717 1285 ad
730 1226 989 1287 mansuetudinem
999 1225 1087 1287 domi·
1114 1233 1119 1247 ⁹

403 1315 466 1367 ‘tum
478 1330 487 1367 t
498 1308 667 1367 lacertantm
678 1325 791 1383 quoque
800 1303 973 1385 ingentium
984 1308 1086 1385 pelles,

403 1403 434 1446 et
443 1386 524 1445 dorsa
542 1386 724 1446 testudinum.
739 1384 860 1443 Cratero
878 1384 989 1447 deinde
1000 1388 1086 1463 impe·

401 1481 446 1523 rat
461 1485 534 1533 rex,
553 1462 625 1523 baud
635 1460 730 1544 procul
745 1482 848 1530 amne,
867 1483 920 1543 per
936 1485 1021 1543 quem
1034 1477 1086 1525 erut

401 1541 462 1623 iure
478 1541 680 1623 navigaturus,
703 1540 797 1623 copias
812 1538 958 1604 duceret.-
975 1566 1029 1606 eos
1040 1566 1086 1605 au·

401 1638 482 1693 tem,
502 1626 549 1702 qui
564 1623 696 1685 comitari
710 1642 777 1683 eum
788 1622 947 1693 solebant,
964 1624 1086 1705 imponit

403 1703 434 1762 in
453 1724 561 1773 naves,
582 1720 611 1763 et
630 1704 660 1762 in
681 1702 751 1763 fines
773 1701 938 1763 Mallorum
962 1705 1085 1767 secundo

400 1803 487 1843 amne
499 1782 656 1844 devehitur.
668 1782 737 1843 Inde
748 1781 885 1842 Sabracas
900 1781 999 1854 adiit,
1018 1785 1086 1847 vali·

388 1860 467 1921 dam
476 1862 561 1921 lndiae
570 1881 704 1943 gentem,
713 1883 773 1939 quae
782 1861 884 1939 populi
893 1882 977 1930 ‚non
988 1885 1085 1947 regum

363 1937 370 2002 τ’
401 1939 526 2017 imperio
543 1944 702 2022 regebatur.
719 1940 873 2021 Sexaginta
889 1941 992 2004 millia
1007 1944 1084 2022 pedi·

365 2074 367 2078 ,
399 2034 464 2077 tum
485 2019 647 2090 habebant,
671 2020 798 2097 equiturn
818 2040 868 2080 sex
890 2021 994 2084 millia
1011 2048 1019 2085 t
1039 2023 1085 2084 has

398 2100 497 2175 copias
513 2120 608 2161 currus
621 2099 770 2179 quingenti
786 2102 995 2176 sequebantur.
1017 2104 1085 2164 Tres

398 2177 484 2238 duces
507 2197 648 2256 spectatos
671 2181 774 2240 virtute
794 2179 899 2259 bellica
921 2182 1084 2263 elegerant.
1127 2227 1129 2244 .

397 2256 499 2335 Atqui
510 2258 540 2318 in
555 2261 628 2339 agris
639 2279 719 2319 erant
730 2257 855 2337 proximi
871 2256 993 2321 flumini
1006 2268 1022 2337 <
1033 2264 1083 2324 fre·

398 2356 517 2414 quentes
535 2358 631 2398 autern
642 2339 741 2406 vicos,
762 2338 889 2397 maxime
902 2338 934 2398 in
947 2342 1015 2420 ripa
1032 2343 1082 2405 ha·

398 2418 523 2487 bebant)
536 2436 566 2478 ut
576 2418 670 2479 videre
681 2434 774 2477 totum
783 2437 921 2488 amnem,
934 2441 996 2497 qua
1007 2443 1085 2500 pros·

394 2496 455 2573 pici
473 2514 605 2574 poterat,
626 2497 746 2577 navigiis
764 2512 968 2568 constratum,
995 2520 1026 2562 et
1042 2518 1083 2564 tot

395 2576 521 2635 millium
532 2598 609 2637 arma
620 2576 756 2657 fulgentia
766 2598 777 2650 3
792 2574 880 2635 territi
891 2597 975 2641 nova
987 2582 1062 2644 facie
1073 2621 1082 2652 ‚

345 2686 349 2695 ·
394 2651 529 2714 Deorum
543 2656 720 2724 exercitum,
734 2674 763 2716 et
773 2657 859 2715 alium
872 2653 1020 2723 Liberum
1033 2683 1082 2742 pa·

396 2747 471 2792 trem
483 2773 492 2803 ,
507 2737 617 2796 celebre
628 2735 657 2793 in
669 2735 725 2795 illis
734 2735 863 2817 gentibus
874 2756 1016 2811 nomen,
1032 2742 1081 2803 ad·

394 2832 512 2874 ventare
524 2815 689 2877 credebant.
698 2814 776 2875 Hinc
792 2814 921 2875 militurn
940 2820 1079 2893 clamor,

394 2890 461 2953 hinc
478 2915 623 2955 remorum
638 2896 753 2972 pulsus,
770 2896 911 2971 variaeque
921 2917 1078 2963 nautarum

390 2988 484 3036 uoces·
490 2970 689 3051 hortantium,
704 2973 819 3055 pavidas
830 2994 913 3039 aures
927 2976 1078 3061 implere.
