2625 4017
396 603 458 660 2174
579 580 621 662 Q.
662 580 895 645 CURTII

399 684 514 762 quidem
524 683 587 744 Diis
597 684 716 745 minime
725 684 804 744 cordi
814 705 872 744 esse
883 678 1045 744 crediderim
1056 699 1072 757 ²,

393 764 497 824 multis
513 766 613 825 seculis
629 765 818 825 intermissum
836 763 979 840 repetendi
998 782 1068 821 auc-

393 860 475 908 rores
488 843 602 921 quidam
619 862 699 903 erant
718 860 772 915 ;rtt
787 842 922 922 ingenuus
937 860 1005 920 puer
1015 837 1070 899 Sa-

393 940 478 990 vastruo
489 921 692 984 immolaretur:
702 922 776 999 quod
787 922 966 1002 sacrilegium
977 920 1070 980 verius

392 1022 485 1079 quam
496 1023 606 1062 sacrum
619 1042 628 1070 ,
650 1001 885 1083 Carthaginenses
899 1022 916 1060 a
934 999 1070 1059 condito-

394 1081 474 1144 ribus
494 1082 648 1151 traditum,
670 1081 810 1160 usquead
831 1080 974 1139 excidium
994 1080 1070 1138 urbis

394 1180 454 1223 suae
467 1160 567 1222 fecisse
579 1160 719 1224 dicuntur.
731 1160 775 1224 Ac
788 1160 839 1220 nisi
847 1160 983 1220 ,Seniores
1001 1160 1069 1217 obs·

392 1240 538 1308 sitissent,
558 1263 681 1317 quorum
693 1240 814 1301 consilio
829 1256 929 1300 cuncta
941 1240 1070 1316 ageban-

394 1337 465 1388 tur,
481 1318 686 1383 humanitatem
699 1320 757 1379 dira
773 1318 930 1395 superstitio
944 1318 1070 1378 vicisset.

397 1396 557 1469 Ceterum,
580 1398 721 1459 efficacior
740 1399 820 1457 omni
837 1416 895 1457 arte
914 1397 1069 1456 imminens

394 1478 545 1537 necessitas
560 1499 619 1539 nou
628 1480 733 1539 usitata
748 1478 837 1538 modo
853 1476 999 1554 presidia,
1022 1475 1069 1535 sed

393 1556 523 1633 quadam
533 1558 620 1619 etiarn
630 1578 707 1619 nova
716 1557 874 1617 admonuit.
889 1556 1022 1631 Namque
1034 1555 1070 1614 ad

396 1634 570 1712 implicanda
584 1637 718 1717 navigia,
735 1658 794 1713 quae
804 1657 906 1698 muros
918 1637 1069 1703 subibant,

393 1715 497 1777 ualidis
521 1717 654 1779 asseribus
677 1737 778 1775 corvos
797 1735 825 1775 et
846 1716 947 1775 ferreas
968 1734 1070 1773 manus

395 1814 465 1855 tum
473 1797 593 1858 uncisac
601 1795 719 1856 falcibus
727 1795 924 1875 illigaverant3
937 1811 967 1851 ut
977 1833 988 1861 ,
1000 1816 1069 1853 eum

395 1890 543 1934 tormento
558 1895 660 1934 asseres
668 1875 899 1951 promovissent,
918 1872 1010 1931 subito
1022 1875 1069 1933 la-

394 1951 469 2014 uatis
490 1952 600 2013 funibus
621 1953 780 2032 injicerent.
803 1953 881 2016 Unci
903 1973 1016 2028 quoque
1039 1968 1069 2014 et

393 2030 482 2090 falces
493 2052 529 2091 ex
540 2033 639 2092 iisdem
651 2031 984 2109 asseribusdependentes
996 2070 1005 2099 ,
1020 2051 1070 2093 aut

394 2129 636 2191 propugnatores,
646 2133 694 2172 aut
706 2113 763 2189 ipsa
773 2112 884 2193 navigia
894 2113 1070 2177 lacerabant.

396 2188 523 2267 Clypeos
534 2210 604 2250 vero
617 2213 709 2252 aeneos
720 2193 812 2252 multo
823 2192 889 2273 igne
900 2192 1068 2261 torrebant,

395 2289 468 2346 quos
485 2271 607 2347 repletos
616 2272 722 2333 fervida
735 2270 842 2339 arena,
865 2290 1004 2345 coenoque
1018 2272 1069 2331 de·

394 2367 503 2417 costo,
525 2370 541 2410 e
563 2351 651 2411 muris
671 2352 763 2412 subito
782 2350 983 2410 devolvebant.
1003 2350 1070 2411 Nee

395 2428 456 2492 urla
467 2429 550 2506 pestis
562 2433 652 2510 magis
664 2431 831 2500 timebatur3
849 2429 950 2504 quippe
962 2431 1009 2488 ubi
1024 2432 1070 2489 lo·

394 2507 486 2568 rioem
504 2526 661 2586 'corpusque
672 2510 782 2570 fervens
799 2529 882 2567 arena
898 2526 1069 2584 penetrare-

394 2603 459 2655 rat,
472 2608 526 2647 nec
537 2590 595 2648 ulia
607 2592 634 2650 vi
645 2590 740 2648 excuti
752 2606 880 2666 poterat,
894 2606 923 2646 et
934 2588 1069 2664 quidquid

395 2666 548 2747 attigerat,
568 2671 717 2747 perurebat
730 2691 738 2740 3
753 2669 940 2746 jacientesque
966 2688 1067 2735 arma,

394 2746 525 2807 laceratis
537 2748 685 2814 omnibus,
695 2750 792 2823 quibus
802 2747 912 2827 protegi
923 2764 1067 2821 poteraut,

394 2825 558 2886 vulneribus
575 2827 656 2887 inulti
675 2830 807 2903 patebant
824 2848 833 2897 3
852 2826 932 2886 corvi
950 2848 1020 2886 vero
1040 2842 1069 2887 et

395 2904 490 2974 ferreae
507 2907 770 2971 manus-tormentis
793 2905 899 2969 emisse
916 2906 1067 2986 plerosquo

394 2985 552 3061 rapiebant,
