2625 4017
385 546 451 611 :tet
569 540 616 622 Q.
655 542 893 606 CURTH

389 644 467 715 lem,
486 664 563 724 apuu
572 649 662 727 genus
675 644 734 725 ipse
746 645 890 705 deduceret
902 684 912 713 ‚
925 640 1065 705 imitatum

389 746 424 785 se
440 745 502 784 esse
513 746 592 805 paettu
609 725 639 783 in
651 722 756 784 bostem
771 723 1067 804 rapienda-Cecidere

378 853 380 860 .
390 803 540 865 Persarum
551 804 737 879 Arabumque
749 804 823 864 circa
835 803 1035 863 decemmillia
1049 827 1061 863 t

379 903 444 946 mec
462 884 669 944 Macedonibus
687 883 835 943 incruenta
854 882 974 944 victoria
994 883 1061 943 fuit.

382 962 512 1023 Obsidio
522 981 597 1023 certe
608 984 668 1021 non
676 981 737 1022 tam
748 963 874 1022 'claritate
885 962 961 1023 urbis
972 963 1062 1021 uobi-

379 1041 471 1103 ;lita'ta
487 1060 549 1110 est,
570 1063 655 1119 quam
671 1042 821 1121 geminam
839 1041 970 1118 pericula
988 1042 1063 1120 regis

378 1119 437 1199 :qui
454 1120 609 1202 AEgyptutn
623 1121 699 1181 adire
715 1121 872 1188 festinans,
899 1121 1060 1195 Amyntam

381 1222 457 1264 *cum
473 1202 571 1261 decem
586 1200 744 1259 triremibus
759 1202 789 1258 itt
805 1199 1006 1259 Macedoniam
1023 1200 1059 1258 ad

379 1279 601 1357 ¹inquisitionem
632 1300 776 1339 novorum
809 1280 932 1338 militum
967 1279 1059 1338 misit.

385 1356 525 1435 Namque
539 1358 640 1435 praeliis
654 1358 741 1417 etiam
752 1358 878 1417 secundis
894 1359 1058 1416 attereban-

379 1454 433 1497 tur
450 1437 563 1514 copiae3
582 1436 810 1512 devictarumque
827 1435 957 1517 gentium
970 1435 1059 1495 militi

378 1518 484 1576 minor
495 1538 580 1593 quam
595 1514 753 1575 domestico
764 1516 831 1575 fides
842 1514 1009 1576 habebatur.

380 1645 383 1656 .
419 1593 1081 1676 ·Ca·r.VII.AEgyptiiolimPersarumopibus¹

377 1674 510 1745 infensi,
532 1676 634 1752 quippe
653 1692 736 1735 avare
756 1692 785 1733 et
802 1675 919 1753 superbe
935 1674 1057 1749 impeti-

381 1773 475 1816 tatum
495 1756 547 1815 sibi
569 1774 628 1813 esse
648 1752 819 1821 eredebant,
845 1754 880 1812 ad
900 1772 980 1829 spem
1003 1754 1055 1811 ad-

382 1852 483 1896 tentus
496 1837 557 1910 cius
574 1849 722 1891 erexerant
734 1833 845 1891 animos
860 1856 869 1893 ε
888 1850 986 1909 utpote
1003 1832 1055 1908 qui

379 1912 540 1989 ¹Amyntam
563 1930 675 1987 quoque
701 1912 905 1992 transfugam,
930 1928 959 1970 et
983 1930 1052 1972 eum

382 1992 510 2068 precario
525 1990 647 2068 imperio
655 1990 839 2058 venientem,
859 1989 915 2050 laeti
929 1991 1054 2066 recepis-

377 2089 453 2133 sent.
476 2071 565 2151 Igitur
584 2070 683 2149 ingens
697 2069 856 2130 multitudo
875 2068 1019 2128 Pelusium
1038 2109 1051 2138 ,

380 2172 437 2228 qua
448 2151 598 2212 intraturus
612 2168 662 2208 rex
677 2148 842 2218 videbatur,
863 2167 1052 2211 converrerat.

378 2234 475 2307 Atque
485 2231 534 2292 isse
545 2229 666 2305 septimo
675 2229 928 2306 dim-posteaquam
940 2225 1051 2287 aGaza

377 2312 476 2388 cupias
497 2313 654 2376 moverat,
679 2307 879 2388 itt-regionem
902 2305 1052 2387 AEgypti,

377 2411 464 2467 quam
472 2392 550 2449 nunc
564 2384 666 2448 Castra
676 2384 832 2447 Alexandri
841 2405 964 2454 vocant,
978 2406 1049 2461 pet-

376 2468 468 2534 ·tjenit.
482 2468 592 2528 Deinde
602 2466 796 2543 ‚pedestribus
805 2466 894 2542 copiis
903 2462 1049 2524 Pelusium

373 2564 468 2627 petere
477 2545 858 2623 jussis,ipse.eumexpedita
868 2545 1049 2604 delectorum

375 2647 464 2690 manu
471 2625 638 2686 Niluamne
648 2641 745 2685 vectus
755 2644 816 2685 est:
826 2641 878 2684 trec
889 2624 1048 2683 sustinuere

375 2705 528 2771 adtentum
547 2705 607 2781 ejus
625 2704 733 2776 Petsae3
753 2704 915 2764 defectione
928 2721 1046 2778 quoque

374 2784 524 2863 perterriti.
546 2784 669 2861 Jamque
690 2781 774 2842 haud·
786 2782 888 2859 procul
907 2780 1046 2857 Memphi

372 2884 437 2928 ent
452 2887 464 2926 t
482 2864 514 2924 itt
533 2862 612 2938 eujus
623 2861 762 2939 'presidio
785 2862 916 2922 Mauaoes
940 2879 1048 2938 pretor

370 2942 601 3014 Dariiteliuttu,
623 2940 943 3021 Otioamnesupetatu
954 2979 967 3013 s
987 2959 1049 3005 ote.
