2625 4017
426 524 614 590 tisun
667 525 741 590 tu.
867 538 919 609 ιε,

248 624 387 693 mansisse
404 627 588 707 Mitylenen,
604 648 691 705 quam
713 626 820 690 Chares
832 627 925 690 Athe-

250 707 356 770 niensis
371 726 462 785 nuper
477 725 646 783 occupatam
662 707 784 769 duorum
800 707 926 771 millium

249 785 400 852 Persarum
416 785 543 863 praesidio
559 789 691 847 tenebat:
705 787 751 846 sed
766 807 834 848 cum
850 788 926 849 obsi·

249 866 370 929 dionem
387 869 509 929 tolerare
524 885 584 926 non
601 883 717 943 posset3
737 870 806 928 urbe
824 867 926 932 tradita

249 964 371 1026 pactus,
387 962 418 1005 ut
431 942 561 1005 incolumi
573 942 648 1006 abire
662 942 780 1015 liceret,
796 946 925 1011 Imbrum

250 1027 333 1106 petit.
344 1024 456 1085 Deditis
467 1024 637 1085 Macedones
648 1044 843 1101 pepercerunt.

260 1157 263 1162 .
291 1104 370 1166 Cur.
381 1104 437 1167 Vl.
451 1104 556 1165 Darius
572 1104 714 1180 desperata
727 1123 818 1180 pace,
839 1126 927 1181 quarn

250 1205 303 1263 pet
318 1184 414 1244 literas
424 1183 591 1263 legatosque
603 1183 747 1265 impetrari
765 1204 846 1260 posse
862 1205 926 1244 cre-

250 1264 381 1333 diderat,
393 1262 429 1325 ad
439 1262 606 1341 reparandas
615 1262 688 1325 vires
699 1262 863 1340 bellumque
871 1263 928 1324 int·

252 1343 538 1428 pigrerenovandum
548 1342 667 1401 intendit
676 1342 817 1402 animum.
828 1339 928 1404 Duces

250 1444 323 1505 ergo
355 1422 494 1502 copiatum
524 1419 584 1481 Bab
602 1419 705 1481 lonium
746 1422 891 1482 convenire
913 1440 927 1495 ,¹

253 1501 374 1565 Bessum
400 1520 530 1581 quoque,
586 1499 772 1562 castrianorum
798 1498 929 1574 ducent,

253 1601 335 1661 quam
345 1579 467 1641 maximo
478 1598 573 1660 posset
587 1578 711 1641 exercitu
727 1598 842 1649 coacto,
863 1579 929 1641 des·

253 1657 375 1721 tendere
389 1658 426 1719 ad
440 1679 472 1719 se
486 1660 573 1737 jubet.
589 1661 661 1720 Sunt
676 1676 772 1719 autem
785 1657 928 1722 Bactriani

254 1738 330 1800 inter
353 1737 417 1799 illas
434 1757 534 1821 gentes
557 1736 786 1815 promptissimi,
811 1737 931 1800 horridis

254 1818 397 1899 ingeniis,
411 1820 590 1894 multumque
606 1840 623 1877 a
635 1818 783 1877 Persarum
797 1817 866 1878 luxu
881 1819 932 1877 ab·

254 1896 461 1958 horrentibus:
484 1897 528 1958 siti
546 1896 621 1959 haud
640 1898 742 1974 procul
761 1895 931 1975 Scytharum

256 1976 471 2039 bellicosissima
490 1994 597 2058 gente,
618 1994 646 2037 et
664 1993 746 2053 rapto
767 1977 864 2038 vivere
884 1998 931 2037 as·

256 2055 329 2118 sueti
348 2078 360 2129 ς
382 2075 548 2135 semperque
576 2057 606 2118 in
631 2056 717 2117 armis
743 2074 846 2116 errant.
875 2053 931 2115 Sed

257 2137 358 2197 Bessus
375 2152 499 2213 suspecta
517 2135 656 2212 perfidia,
677 2134 750 2195 haud
767 2156 833 2195 sane
849 2155 930 2212 atquo

258 2215 359 2276 animo
369 2214 400 2274 in
411 2215 534 2275 secundo
550 2236 579 2275 se
594 2215 743 2275 continens
756 2215 865 2294 gradu,
886 2234 932 2275 re·

257 2315 326 2375 gem
335 2297 468 2356 terrebat.
477 2294 555 2354 Nam
564 2316 631 2354 cum
641 2314 759 2372 regnum
770 2294 910 2353 affectaret
920 2315 931 2367 ς

259 2372 403 2452 proditio,
420 2395 474 2450 qua
496 2374 557 2432 sola
577 2373 604 2433 id
623 2372 732 2446 assequi
747 2389 878 2448 poterat,
896 2372 932 2430 ti·

258 2454 399 2513 mebatnr.
418 2453 553 2514 Cetemm
571 2450 736 2511 Alexander
750 2490 760 2520 ‚
772 2473 867 2527 ‘quam
883 2469 930 2509 re·-

255 2532 379 2613 gionem
390 2532 493 2593 Darius
509 2532 642 2607 petisset,
663 2530 742 2589 omni
756 2551 822 2591 cura
845 2529 931 2591 vesti·-

258 2631 348 2691 ρης,
364 2629 460 2671 tamen
472 2612 619 2685 explorare
630 2630 689 2668 non
701 2628 812 2686 poterat
826 2633 834 2669 r
849 2629 931 2672 moro

258 2689 387 2766 quodam
398 2690 562 2758 Persarum,
576 2710 676 2748 arcana
690 2709 788 2768 regum
799 2690 870 2749 mira
881 2709 931 2749 ce·

257 2768 385 2830 lamium
399 2768 464 2830 fide.
483 2769 553 2827 Non
565 2786 678 2836 metus,
698 2789 757 2826 non
777 2788 836 2843 spes
853 2766 934 2829 elicit

259 2868 388 2917 uocem,
404 2869 458 2924 qua
471 2848 623 2938 prodantur
633 2849 757 2908 occulta.
768 2848 859 2909 Vetus
875 2846 933 2934 disq

259 2926 368 3007 siplina
379 2948 479 3013 regum
489 2928 633 2995 silentium
649 2928 712 2992 uitae
721 2928 849 3010 periculo
863 2946 933 3004 sane
