2625 4017
347 547 349 551 ’
413 550 601 618 LIBER
644 555 737 620 [Π.
858 581 919 633 usq

241 649 335 718 stiunt
357 674 402 717 me
420 673 475 716 uon
492 673 550 717 tum
565 656 684 727 mortis,
700 676 779 736 quam
789 654 914 721 bellite-

242 734 361 796 medium
373 753 505 814 quarere.
519 736 670 817 Ingentem
678 738 810 799 omnibus
820 739 916 801 incus·

243 829 315 875 serat
334 835 437 877 turam
454 833 514 877 tam
537 835 658 894 preceps
678 818 822 878 temeritas
842 819 918 899 ejus.

242 889 316 975 Ergo
336 914 392 973 pro
410 913 440 955 se
460 894 508 972 qui
540 915 576 955 ue
592 898 701 973 precari
721 914 856 975 coepere,
878 918 916 958 ne

235 970 424 1047 festinatione
429 971 524 1052 petitu
536 993 581 1033 um
591 993 625 1033 au
646 990 725 1043 eret,
736 974 786 1036 sed
797 993 871 1036 esset
882 976 914 1037 iu

240 1068 379 1130 potestate
404 1050 581 1112 medentium.
627 1070 760 1133 uexpettu
789 1053 916 1116 remedie

243 1128 313 1189 haud
330 1130 441 1209 injuriet
455 1129 529 1211 ipsit
546 1151 609 1193 erte
627 1148 778 1212 suspectu,
802 1152 862 1194 tum
877 1130 919 1192 uti

240 1208 394 1289 pernitiem
407 1208 587 1287 ejuratam
598 1210 688 1269 latere
698 1208 917 1290 ipsiurperuniu

242 1286 409 1349 sollicitaret
420 1286 509 1347 iustis
523 1294 538 1363 <
548 1292 652 1367 quippe
662 1288 767 1350 Darius
777 1287 853 1348 mille
869 1306 915 1353 ta-

241 1365 314 1427 lentu
344 1364 515 1441 interfectori
540 1366 699 1429 Alexandri
729 1367 854 1428 daturum
882 1387 915 1430 se

240 1446 418 1523 pronuntiari
441 1446 591 1523 jusserat)
616 1446 763 1523 imputent
785 1465 918 1507 ausurum

241 1525 350 1604 quidem
376 1543 535 1603 quemquam
558 1527 762 1587 arbitrabantur
791 1524 917 1604 experiri

242 1602 415 1673 remedium,
434 1602 506 1681 quod
523 1622 636 1686 propter
651 1604 804 1666 novitatem
817 1618 916 1686 posset

243 1702 303 1743 esse
320 1698 491 1762 suspectum.

277 1762 333 1823 Cu
343 1782 372 1824 t.
385 1760 446 1824 Vl.
463 1759 743 1823 Eratinternobffes
754 1759 879 1823 medicos
895 1779 918 1825 e

242 1840 416 1902 Macedonia
432 1860 539 1922 regem·
546 1861 658 1903 secutus
668 1841 834 1919 Phiiippus,
857 1859 915 1903 na·-

240 1922 318 1981 tione
327 1922 463 1981 Acartran
471 1959 481 1991 ,
489 1922 560 1982 fidus
571 1920 726 1982 admodum
735 1918 811 1998 regit
822 1937 916 1998 puero

241 2021 339 2061 tomes
349 2018 378 2062 et
388 2016 481 2061 custos
490 2002 585 2061 salutis
596 2002 690 2068 datus,
704 2021 763 2059 non
773 2015 806 2059 ut
815 2020 915 2079 regem

241 2081 356 2149 modu,
380 2079 428 2139 sed
450 2082 540 2141 etiam·
558 2098 594 2140 ut
611 2082 787 2147 alumnum,
808 2078 915 2139 eximia

241 2160 357 2219 raritate
376 2159 523 2238 diligebar.
537 2159 565 2218 Is
582 2178 641 2218 nort
651 2176 782 2238 preceps·
793 2177 846 2227 te,
862 2154 916 2216 teti

241 2256 379 2298 strenuum
390 2234 538 2298 remedium
549 2235 669 2317 afferre,
686 2255 841 2315 tantamque
854 2234 913 2296 uim

242 2315 327 2376 morbi·
332 2316 445 2395 potione
457 2316 595 2377 meditatu
605 2314 760 2376 levaturum
772 2333 834 2373 esse
845 2334 916 2391 pro·

243 2397 327 2458 misit.
338 2395 423 2456 Nulli
433 2396 602 2475 promissum
613 2396 674 2473 ejus
684 2394 833 2471 placebat,
844 2412 916 2469 praet

243 2494 282 2536 ter
302 2477 425 2552 ipsum,
457 2475 537 2552 cujus
561 2474 693 2552 periculo
713 2472 918 2551 poiiieebaturt

244 2553 353 2614 Omnia-
370 2555 475 2633 quippe
494 2554 634 2623 facilius,
661 2574 748 2630 quam
768 2571 882 2610 moram
903 2590 914 2619 ‚

244 2634 349 2712 perpeti
368 2652 509 2710 poterat:
526 2653 606 2694 arma
626 2648 655 2693 et
672 2631 748 2693 acies
770 2628 800 2688 in
823 2630 915 2689 oculis

246 2729 340 2780 erant,
362 2712 552 2776 etvictoriam
570 2712 601 2771 in
612 2730 647 2771 eo
657 2711 781 2789 positam
795 2729 853 2770 esse
865 2728 916 2769 ar·

246 2791 415 2861 bitrabatur,
436 2795 580 2853 sitantum
599 2809 664 2851 ante
675 2791 752 2871 signa
765 2804 837 2851 state
854 2810 913 2866 po·

248 2870 336 2931 ruisset
348 2892 357 2941 ;
369 2870 400 2930 id·
411 2874 525 2950 ipsum,
547 2869 617 2950 quod
630 2885 694 2948 post
711 2868 784 2929 diem
802 2867 915 2929 tertium

251 2948 469 3014 medicamentum
488 2967 646 3031 sumpturus
666 2967 740 3011 esset
753 2954 766 3025 (
779 2948 819 3012 ita
834 2946 918 3016 enim
