2625 4017
425 550 625 621 ¹LIBER
665 549 774 623 Vll.
842 534 940 634 ¹3⁸9

268 651 320 720 Ne
332 658 390 717 tela
404 653 517 735 q'uidem
537 656 634 718 conati
648 659 716 720 nixu
730 655 943 735 vibrare'pore·

268 753 333 798 rant
343 759 352 809 3
367 759 434 798 cum
445 738 522 815 prior
530 736 618 796 standi
630 737 690 797 tine
700 738 842 815 periculo,
853 757 941 815 quam

268 817 383 877 hostem
404 816 563 877 incessendi.
580 836 646 876 cura
668 834 749 877 esser.
779 816 941 878 Tormenta

268 896 353 957 saluti
371 895 492 957 fuerunt.
505 893 617 972 Quibus
634 895 665 954 in
681 895 825 956 confertos
842 915 878 956 ac
894 913 940 955 re·

269 993 350 1045 mere
377 993 406 1033 ce
427 974 574 1035 offerentes
600 972 673 1034 haud
696 974 794 1036 frustra
825 991 944 1044 excursa

269 1070 334 1114 runt
353 1054 421 1114 tela.
441 1053 688 1131 Barbariquoque
712 1054 739 1113 in
761 1068 857 1114 entem
878 1049 940 1114 vinu

270 1132 435 1223 sagittarum
449 1132 574 1193 infudere
585 1133 699 1193 ratibus.
747 1136 832 1210 ixque
845 1131 939 1193 ullum

268 1212 323 1271 furt
334 1228 466 1279 scutum,
483 1213 559 1288 quod
573 1230 633 1271 non
643 1211 768 1289 pluribus
779 1211 863 1271 simul
880 1211 938 1290 spi·

270 1290 341 1349 culis
357 1290 554 1367 perforaretur.
565 1290 689 1367 Jamque
704 1307 782 1352 terrae
800 1306 873 1350 rates
889 1310 940 1368 ap·
956 1337 959 1346 .

267 1370 462 1446 plicabantur,
475 1390 542 1430 curn
552 1369 627 1429 acies
637 1370 764 1448 clypeata
774 1370 936 1450 consurgit,

270 1465 298 1508 et
317 1448 408 1509 hastas
423 1467 502 1508 certo
520 1449 601 1519 ictu,
619 1465 718 1526 utpote
735 1450 827 1509 libero
843 1449 936 1519 nixu,
963 1471 967 1478 ·

269 1528 357 1586 mittit
374 1547 391 1587 e
407 1528 522 1589 ratibus.
535 1526 571 1586 Et
587 1543 619 1588 ut
629 1528 740 1588 territos
756 1526 939 1605 recipienrea·

268 1624 324 1681 que
341 1626 429 1681 equos
438 1605 555 1677 viderea
573 1606 680 1666 alacres
694 1624 791 1666 mutua
804 1602 938 1665 adhorta·-

269 1686 349 1745 tione
368 1685 397 1745 in
416 1701 521 1744 terram
537 1684 677 1747 desiliere.
690 1684 823 1745 Turbatis
835 1683 938 1746 acriter

267 1765 370 1842 pedem
388 1763 491 1825 inferre
508 1781 664 1839 coeperunt.
683 1763 818 1840 Equitum
835 1763 937 1826 deinde

267 1861 388 1913 turma,
412 1864 473 1920 quae
498 1843 622 1904 frenatos
649 1838 791 1904 habebant
816 1863 905 1921 equos
922 1876 954 1912 2·

267 1923 425 2003 perfregere
442 1924 624 1983 barbarorum
636 1924 739 1984 aciem.
752 1923 868 1983 Interim
885 1921 937 1983 ce'0

266 2003 320 2062 teri
337 2001 451 2081 agmine
470 2002 665 2063 dimicantium
682 2003 749 2063 recti
762 2020 894 2081 aptavere
903 2017 935 2079 pe

266 2097 377 2161 pugnae.
393 2082 453 2157 lpse
472 2100 542 2149 rex,
564 2082 640 2157 quod
652 2081 782 2162 vigoris,
799 2102 873 2161 aegro
885 2079 938 2140 ad·

266 2160 323 2219 huc
334 2179 477 2234 corpore,
493 2160 608 2228 deerat,
622 2159 711 2219 animi
722 2159 855 2220 firmitate
868 2179 941 2236 sup-⁶.

266 2239 373 2317 plebat.
382 2237 453 2297 Vox
460 2236 631 2297 adhortantis
642 2258 703 2297 non
710 2255 821 2314 poterat
826 2237 916 2298 audiri
923 2269 946 2308 ‚

264 2316 394 2377 nondum
412 2317 484 2375 bene
504 2315 624 2376 obducta
646 2317 777 2377 cicatrice
793 2316 942 2390 cervicina,

265 2395 314 2460 sed
325 2393 508 2455 dimicantem
520 2395 614 2455 cuncti
625 2395 767 2457 videbant.
776 2397 874 2474 ltaque
884 2393 946 2474 ipsi,

265 2474 381 2553 quidem
392 2474 496 2533 ducum
511 2474 699 2567 fungebantur
715 2473 829 2547 officio;
849 2475 955 2536 aliun·

265 2574 321 2632 que
337 2554 425 2613 alium
436 2551 597 2623 adhortatr,
611 2553 641 2613 in
651 2552 764 2615 hostem
776 2554 871 2615 salutis
881 2554 937 2614 im'·
954 2586 958 2598 ·

265 2653 410 2695 memores
427 2652 508 2693 ruere
525 2651 682 2710 coeperunt.
701 2630 860 2695 Tumuero
874 2641 937 2694 non

266 2734 337 2782 ora,
359 2733 419 2772 non
437 2733 537 2781 arma,
558 2730 617 2773 non
633 2714 794 2774 clamorem
809 2710 939 2774 hortium

265 2793 376 2853 barbari
392 2793 514 2852 tolerare
530 2809 706 2870 potuerunt:
723 2808 879 2868 omnesque
892 2787 948 2856 effi

263 2872 331 2933 fusis
341 2870 457 2932 habenis
470 2875 484 2945 (
491 2891 613 2949 namque
624 2870 759 2950 equestris
770 2870 845 2929 acies
854 2865 940 2942 erat}

261 2968 411 3031 capessunt
429 2951 541 3034 fugam
565 2950 649 3033 Quos
669 2970 749 3018 ren,
772 2964 935 3027 quanqum

738 3051 766 3111 ll
784 3049 802 3110 k
820 3046 851 3128 iij
