2625 4017
380 566 444 633 '426
564 551 608 634 Q.
647 554 727 618 ου
746 554 774 617 R
793 555 892 618 ΤΠ

382 676 477 721 metus
498 655 593 733 spesve
616 673 803 719 mutaverat:
824 673 904 716 tanta
926 656 1068 721 omnibus

382 740 431 801 vel
443 739 472 797 in
485 755 582 817 regern
597 737 638 796 ira
650 779 665 805 ,
680 737 728 797 uel
737 736 805 796 fides
817 738 894 796 inter
909 738 989 815 ipsos
997 740 1066 802 fuit.

385 818 503 879 Stabant
512 816 597 896 igitur
603 815 636 875 ad
649 816 723 876 fores
732 816 882 891 aedisejus,
897 816 929 875 in
942 840 999 894 qua
1012 840 1063 879 rex

383 899 550 959 vescebatur
561 918 571 967 ;
591 914 622 955 ut
633 895 769 957 convivio
781 914 924 975 egressum
937 898 969 955 in
979 900 1064 959 cubi-

384 978 483 1037 culum
498 974 677 1035 deducerent.
693 973 747 1035 Sed
762 975 875 1035 fortuna
890 975 1000 1051 ipsius,
1020 978 1061 1037 si-

383 1057 502 1131 mulque
519 1055 696 1132 epulantium
710 1056 830 1114 comitas
839 1056 976 1131 provexit
994 1078 1063 1123 orn-

383 1155 435 1195 nes
447 1133 480 1193 ad
488 1136 590 1215 largius
599 1135 716 1206 vinum;
728 1134 786 1193 ludi
795 1134 883 1193 etiam
892 1135 1064 1197 convivales

385 1234 531 1276 extraxere
547 1232 657 1292 tempus
674 1235 683 1273 t
700 1233 776 1272 nunc
791 1213 860 1272 laetir
879 1215 1039 1292 conjuratis
1051 1255 1065 1284 ,

385 1291 456 1371 quod
470 1292 587 1374 sopitum
601 1290 760 1372 aggressuri
775 1303 894 1363 ersent‚·
911 1313 992 1354 nuuc
1003 1296 1065 1355 sol·

384 1373 490 1441 licitis,
505 1394 541 1431 ne
550 1371 580 1430 in
592 1369 678 1430 lucem
688 1368 843 1429 convivium
853 1370 1067 1436 extraheretur.

385 1452 503 1529 Quippe
516 1452 588 1510 alios
600 1451 629 1508 in
640 1450 793 1510 stationem
808 1453 960 1527 oportebat
969 1453 1065 1530 prima

385 1531 450 1591 luce
464 1530 633 1600 succedere3
652 1530 779 1607 ipsorum
794 1547 858 1605 post
872 1550 923 1591 v11
941 1531 1001 1591 dies
1016 1553 1066 1592 re-

385 1610 475 1670 ditura
491 1611 565 1672 vice.
587 1608 652 1669 Nec
667 1628 777 1687 sperare
793 1627 924 1686 poterant
943 1611 973 1669 in
989 1610 1065 1671 illud

326 1691 328 1694 ’
385 1708 497 1767 tempus
506 1688 805 1749 omnibusduraturam
813 1688 1064 1751 fidem.Cererum

385 1777 453 1829 cum
465 1770 523 1847 jam
536 1771 586 1829 lux
600 1786 760 1846 appeteret,
778 1786 807 1827 et
823 1768 992 1829 convivium
1004 1770 1066 1829 sol·

384 1850 478 1915 uitur,
496 1866 525 1908 et
537 1848 678 1925 conjurati
688 1864 859 1926 exceperunt
869 1868 988 1928 regem,
1005 1848 1067 1910 laeti

385 1925 569 1986 occasionem
583 1928 740 2003 exequendi
754 1928 865 1987 sceleris
881 1928 1034 1987 admotam
1052 1950 1066 2003 ς

291 2073 295 2080 ,
386 2026 453 2066 curn
473 2006 577 2065 mulier
598 2006 753 2076 attonite,
776 2024 808 2065 ut
830 2007 970 2067 creditum
991 2024 1065 2078 est,

383 2084 512 2153 mentis,
536 2086 697 2145 conversari
715 2085 745 2143 in
763 2086 840 2166 regia
857 2087 968 2155 solita,
991 2087 1065 2163 quia

384 2164 521 2224 instinctu
538 2165 684 2225 videbatur
699 2165 791 2225 futura
806 2166 977 2243 praedicere3
999 2186 1064 2225 non

385 2242 508 2304 occurrit
529 2243 620 2303 modo
643 2244 778 2312 abeunti,
799 2245 948 2304 sedetiam
969 2263 1066 2306 semet

387 2322 493 2402 objecit
505 2346 515 2383 z
529 2325 664 2401 vultuque
681 2341 709 2383 et
724 2324 814 2383 oculis
831 2341 942 2384 motum
958 2326 1065 2401 praefe-

384 2422 448 2462 rens
458 2402 563 2472 animi,
575 2420 605 2460 ut
615 2401 717 2462 rediret
725 2402 754 2462 in
763 2402 918 2463 conuiuium
925 2405 1043 2464 monuit
1054 2428 1066 2480 3

384 2498 414 2541 et
428 2483 478 2540 iile
491 2482 672 2559 periurium,
692 2479 759 2540 bene
770 2479 851 2541 Deos
861 2479 978 2541 suadere
998 2504 1064 2543 res-

383 2562 485 2638 pondit
498 2582 507 2632 3
528 2560 723 2636 revocatisque
735 2562 833 2620 amicis
845 2562 875 2619 in
887 2562 990 2621 boram
1003 2563 1065 2623 diei

298 2689 299 2694 ,
382 2640 474 2700 ferme
490 2641 641 2700 secundam
658 2641 785 2702 convivii
802 2659 911 2717 ternpus
924 2644 1066 2706 extraxit.

383 2719 450 2784 Jam
463 2719 512 2779 alii
524 2740 559 2779 ex
575 2719 692 2780 cohorte
705 2720 735 2777 in
745 2720 895 2780 stationem
915 2740 1064 2782 successe·

382 2817 464 2867 rant,
479 2817 544 2859 ante
557 2799 679 2859 cubiculi
689 2798 765 2858 fores
776 2799 932 2859 excubitori
943 2821 952 2870 3
966 2798 1066 2861 adhuc

383 2895 478 2937 tamen
491 2878 630 2957 conjurati
642 2880 751 2938 stabant
768 2879 830 2939 vice
844 2877 931 2937 officii
949 2879 993 2939 sui
1005 2897 1066 2939 ex-

380 2956 1067 3037 plera:adeopertinaxspesest,quamhumauae
