2625 4017
404 554 435 595 nt
502 546 982 604 J.FRE1NSH.SUPPLEM

403 652 457 686 runt
473 635 636 700 Dactylorum
653 633 729 699 patria
744 651 794 685 esse
812 638 901 693 fertur,
922 638 962 702 qni
978 635 1078 701 primi‚·
1087 658 1104 682 v.

401 705 493 768 Magna
510 705 589 779 llatre
606 706 730 759 docente,
748 701 887 767 ambiguum
905 705 963 753 ferri
979 724 1048 755 usum
1067 744 1077 765 ,

401 786 482 834 neque
499 768 577 819 minus
596 770 657 819 utile
672 768 823 819 necessitatis
845 771 985 835 laborisque
1007 774 1080 821 sola-

401 837 485 895 tium,
509 854 580 900 qnam
597 837 742 886 acerrimum
758 836 871 885 furoris'
864 853 1051 889 instrumentum
1067 874 1079 900 ,

403 903 544 954 invexerint
552 902 699 953 vita-und
710 902 784 953 etiarn
794 902 956 956 admiratione
971 906 1078 970 dignum

404 970 538 1037 proditur,
556 970 659 1034 quod'
636 988 703 1019 eirca
714 971 778 1019 canis
794 986 922 1030 exortum,
940 972 1023 1049 ventis
1033 975 1080 1023 de·

401 1038 525 1116 pressiora
541 1037 716 1088 turbantibus
710 1053 735 1087 ιιι
751 1055 846 1087 summo
864 1007 940 1088 ldaei'
934 1039 985 1105 jugi
1004 1057 1081 1089 cacu-

401 1104 471 1155 mine
483 1104 577 1170 quietus
587 1109 626 1155 aer
637 1120 694 1156 est:
711 1106 825 1169 quodque
836 1109 914 1157 multa
923 1109 999 1158 adhuc
1009 1124 1080 1159 nocte

402 1175 481 1225 terris
490 1174 631 1229 incubante,
648 1177 721 1224 salem
734 1172 802 1221 aiunt
816 1175 934 1239 conspici,
952 1191 998 1226 nnn
1007 1175 1079 1242 globi

422 1257 505 1309 g:ara
519 1241 577 1291 sed
569 1257 594 1289 ιιι
603 1240 775 1317 amplissimam
784 1241 937 1291 latitudinem
946 1258 1057 1307 sparsum
1069 1277 1078 1299 ,

401 1324 431 1359 aet
453 1311 521 1359 arluc
544 1307 679 1357 divertis'
671 1308 765 1373 ignium
792 1306 927 1373 agminibus
950 1323 1081 1373 utrumque

405 1376 497 1425 mantis
512 1377 577 1423 larus
587 1377 735 1454 amplexum,
753 1374 815 1423 coire
826 1375 965 1439 paulatim,
981 1391 1005 1426 tt
1015 1393 1079 1441 pro-

401 1442 532 1509 pinquante
541 1446 595 1504 jam
615 1443 689 1491 luce
675 1457 762 1506 jugera
782 1444 852 1505 paulo
873 1445 952 1504 majus
971 1444 1080 1507 spatium

402 1510 518 1574 implere,
533 1509 706 1584 pauloquepast
715 1508 740 1556 in
751 1509 848 1560 salitum
861 1507 939 1558 orbem
949 1510 1079 1559 collectum

377 1577 380 1584 '
405 1574 573 1625 destinatam
565 1589 612 1623 ater
617 1590 763 1646 percurrere.
784 1563 866 1622 Credo
877 1588 920 1636 per
930 1577 1007 1623 sitem
1017 1591 1080 1624 noc-

401 1655 480 1690 turno
494 1640 552 1704 gelu
568 1637 728 1697 adstrictum,
738 1639 867 1716 nullisque
881 1655 1010 1690 ventorum
1029 1642 1079 1692 fla·

401 1707 472 1758 tibus
481 1708 627 1770 disjectam,
638 1706 699 1756 solis
708 1705 826 1765 orientis,
844 1707 920 1756 adluit
931 1706 1080 1771 imperfecta

404 1773 513 1841 imagine
526 1776 576 1824 late
585 1790 683 1839 sparsa,
702 1774 775 1823 fallax
786 1745 866 1823 ocixlis
875 1773 1019 1825 miraculum
1032 1794 1079 1841 ap.-

402 1858 509 1907 parere3
527 1843 606 1891 donec
621 1857 654 1889 eo
671 1840 788 1905 paularim
804 1857 828 1890 xx
823 1840 929 1891 'caloris
947 1843 1078 1908 absumpto

402 1908 597 1973 dissipatoque,
616 1907 680 1957 liber
694 1906 819 1972 adipsum
834 1908 921 1958 sideris
937 1912 1023 1960 orbern
1040 1929 1080 1960 as-

404 1992 491 2042 pectus
502 1974 673 2039 permittatur.
684 1976 746 2024 Nam
758 1991 843 2025 sereno
853 1974 995 2041 liquidoque
1012 1979 1078 2027 coelo

402 2043 470 2094 radii
486 2042 700 2093 transmittuntur:
711 2042 751 2091 ubi
769 2058 869 2093 coactus
886 2046 926 2092 a'e'r
938 2059 993 2101 est,
1010 2044 1080 2096 sistit

401 2127 542 2175 exceptos,
563 2126 588 2160 et
609 2124 722 2174 tanquam
747 2108 772 2158 in
793 2111 917 2174 speculum
938 2109 1080 2166 incidentes

399 2196 462 2229 eum
486 2176 638 2227 incremento
657 2176 797 2241 splendoris
816 2176 940 2229 diffundit.
959 2179 1007 2228 Sub
1031 2182 1079 2230 ldae

403 2244 529 2297 radicibus
542 2244 681 2320 Cyzicenus
687 2258 752 2320 ager
765 2242 791 2292 in
800 2244 978 2323 Propontidem
989 2262 1080 2297 excur-

402 2312 459 2371 ait:
467 2311 545 2375 ipsam
556 2309 692 2375 oppidum
686 2326 711 2360 ιιι
720 2310 839 2361 mediocri
857 2311 966 2362 insula
947 2328 1021 2362 sutum
1032 2331 1080 2378 ge—

405 2379 475 2431 mino
493 2394 569 2442 ponte
589 2377 726 2428 continenti
744 2377 890 2428 adnectitur
907 2380 953 2428 Sed
970 2379 995 2428 id
1015 2398 1080 2444 opus

404 2448 482 2513 paulo
489 2462 550 2523 post
559 2446 699 2495 Alexander
708 2445 809 2495 molitus
819 2461 872 2495 est.
882 2445 926 2494 sub
936 2448 1079 2498 Memnonis

406 2512 589 2593 expeditionem
609 2513 711 2563 navibus
734 2513 920 2563 commeabatut
946 2512 996 2574 Qui
1022 2532 1078 2566 cum

402 2579 573 2647 Cyzicenos'
566 2578 704 2643 improviso
727 2578 820 2643 impetu
841 2579 1002 2643 nequidquam
1027 2598 1081 2632 ter

406 2650 521 2705 ruisset,
532 2664 614 2696 muros
636 2645 751 2724 gnaviter
771 2645 894 2696 tuentibus
919 2646 1048 2711 oppidanis
1068 2685 1077 2708 ,

408 2732 494 2765 norum
512 2714 638 2794 regionem
654 2711 779 2763 hostiliter
795 2715 943 2776 populatus,
963 2732 1078 2780 magnam

400 2781 465 2832 inde
472 2782 579 2845 praedarn
594 2780 687 2855 coegit.
701 2782 757 2829 Nec
772 2797 784 2828 a
799 2782 961 2831 Macedonum
974 2782 1080 2834 ducibus

406 2849 546 2898 cessabatur
556 2866 562 2897 r
572 2845 700 2896 Parmenio
710 2846 828 2912 Grynium
839 2846 946 2897 AEolidis
957 2849 1078 2911 oppidum

404 2931 545 2979 expugnat,
561 2914 654 2963 incolas
669 2913 781 2963 servituti
796 2912 899 2964 addicit.
915 2915 1012 2965 Deinde
1022 2918 1080 2968 Cai-

399 3000 463 3037 tum
478 2998 572 3035 amnem
580 2997 759 3048 uanagrcssua,
774 2980 877 3033 Pitanen
891 2982 1020 3046 adoritur,
1037 3002 1091 3039 ur·.
