2625 4017
444 522 639 587 LIBER
681 525 761 587 tv.
885 544 939 603 ¹59

264 618 357 702 Impia
372 619 444 682 enim
454 621 532 685 belle
540 625 706 704 suscipitis,
726 642 753 685 et
767 644 827 686 eom
840 622 942 687 habeor

264 702 303 759 tis
317 720 417 771 armo,
434 700 584 763 licitamt'ru'
601 703 719 763 hostium
736 704 840 783 capito.
859 702 940 769 Sicut

265 798 293 838 tu
310 780 439 860 proxime
454 780 569 842 talentis
587 781 685 852 mtto,
711 782 782 844 tanti
799 783 939 847 exercitet

251 854 345 928 rex,
369 879 561 938 percussorem
584 861 614 920 itt
638 881 681 920 me
704 882 791 922 emere
813 862 938 927 voluisti.

263 935 382 1017 Repello
397 937 486 1017 igitur
500 938 618 1009 bellum,
636 961 690 1005 nott
706 939 794 1019 infero
808 968 817 1002 .·
829 961 855 1002 et
866 940 939 1005 Diis

263 1036 369 1095 quoque
384 1036 434 1096 pro
451 1016 566 1078 meliore
583 1018 722 1078 stantibus
742 1040 854 1092 eausa,
876 1043 938 1083 ma·

258 1094 938 1188 grtampartetttAst'aeinditionemredegt'meame

263 1194 293 1233 te
312 1174 403 1254 ipsum
423 1174 484 1234 acie
501 1175 568 1239 rici.
590 1172 683 1255 Quem
700 1176 753 1236 etsi
769 1177 841 1236 orttil
860 1200 877 1239 o
895 1199 940 1241 me

262 1252 412 1342 impetrare
434 1252 573 1334 oportebat
585 1274 598 1325 ;
627 1272 718 1334 utpote
741 1255 787 1334 qui
814 1277 849 1315 rte
873 1256 940 1319 betti

265 1330 376 1411 quedem
391 1331 423 1390 itt
439 1352 482 1392 ote
495 1334 560 1412 jetro
573 1332 729 1393 servaveris
745 1360 756 1393 .·
774 1352 865 1395 tomen
877 1375 894 1406 ,2
911 1336 940 1398 ss'

264 1408 529 1499 tenerissttpplex3
549 1431 576 1472 et
585 1430 699 1472 matrem
709 1453 720 1481 ,
738 1415 939 1495 eteortp'ogem,

265 1510 294 1549 et
305 1488 407 1551 liberos
419 1508 482 1550 srrte
490 1489 577 1571 pretio
587 1509 754 1569 receptorum
764 1509 791 1551 re
804 1513 865 1553 esse
873 1515 947 1574 pro-·

262 1569 357 1628 mitto.
375 1566 417 1630 Et
434 1569 546 1630 vincere
563 1588 591 1628 et
608 1568 749 1629 consulere
767 1570 852 1631 vittis
867 1574 938 1638 sct'o.

265 1644 352 1727 Quod
369 1648 398 1710 st'
411 1666 438 1707 te
450 1647 534 1708 nobis
550 1647 718 1708 committere
735 1648 837 1719 times,
857 1650 938 1712 tabi-

264 1723 422 1816 mosfidem
432 1725 540 1807 impone
551 1746 703 1789 ventorum.
720 1723 868 1788 Detetero
880 1750 941 1796 eum

264 1804 336 1864 mike
347 1804 474 1876 scribes,
493 1825 625 1865 memento
643 1826 698 1864 rtorz
716 1803 803 1866 solum
818 1808 877 1886 regi
891 1825 940 1882 te,

267 1883 318 1943 sed
338 1884 422 1944 etiarn
435 1902 480 1944 ttto
495 1883 627 1947 scribere.
639 1884 686 1943 Ad
704 1885 777 1947 hanc
794 1889 939 1963 perferen·

264 1965 335 2023 dam
351 1963 524 2041 Thersippus
541 1965 649 2024 missus.
665 1964 726 2040 Ipse
741 1939 939 2030 inff’hoenioen

266 2043 370 2103 deinde
382 2043 523 2103 descendit
535 2066 543 2102 ε
556 2061 587 2103 et
602 2043 739 2119 oppidum
754 2046 865 2122 Byblon
881 2067 939 2108 tra-

264 2124 360 2182 ditum
372 2123 489 2200 recepit.
507 2123 575 2183 Inde
586 2122 621 2183 ad
633 2123 738 2187 Sidona
749 2142 865 2185 ventum
874 2142 940 2197 est,

265 2204 370 2263 urbem
387 2220 523 2263 vetustate
540 2202 671 2279 famaque
690 2203 872 2264 conditorum
890 2206 937 2264 in-

264 2285 387 2359 clytam.
405 2282 552 2360 Regnabat
564 2282 593 2340 in
604 2302 638 2340 ea
650 2280 765 2350 Strato,
780 2283 863 2342 Darii
876 2284 940 2360 opi·
969 2296 972 2301 '

268 2365 321 2421 bus
343 2360 477 2437 adjutus:
498 2360 544 2419 sed
560 2360 630 2436 quia
652 2359 826 2420 deditione-m
850 2362 941 2441 magis

266 2439 482 2518 popularium,
505 2460 594 2515 quam
615 2460 664 2499 sua
685 2457 784 2514 sponte
806 2438 937 2511 fecerat,

266 2539 360 2598 regno
371 2518 445 2581 visus
455 2517 604 2597 indignus3
616 2516 866 2594 Hephaestionique
877 2538 941 2595 pet·

267 2599 409 2663 missum,
433 2612 484 2664 ur,
506 2616 583 2673 poem
599 2616 629 2655 eo
643 2593 764 2674 fastigio
782 2617 797 2655 e
813 2594 940 2660 Sidoniis

265 2673 468 2755 dignissimum
482 2673 683 2742 arbitraretur,
703 2673 881 2733 constitueret
896 2695 942 2746 req

264 2776 344 2834 gem.
356 2753 444 2812 Erant
454 2752 648 2830 Hephaestioni
658 2752 782 2829 hospites
790 2752 859 2813 clari
869 2753 943 2820 inter

266 2855 336 2894 suos
353 2831 491 2908 juvenes,
507 2832 556 2907 qui
572 2833 645 2892 sacta
661 2833 725 2908 ipsis
738 2849 876 2909 potestate
893 2854 940 2897 te·

267 2911 761 2993 gnandi‚negaverunt,qttempuam
765 2910 859 2993 patrio
868 2932 941 2984 more
