2625 4017
317 590 383 672 nr
502 524 834 673 n'cunrrr

321 687 423 755 deinde
436 686 615 774 Persagndan
629 682 742 753 Persica
757 708 802 752 est
815 679 916 774 genii
926 681 994 765 triu

320 788 444 850 satrapes
456 764 574 832 Orsines
584 783 664 840 erat,
683 768 843 832 nobilitate
856 793 891 833 ac
901 772 994 833 divitiis

321 846 397 912 inter
412 872 511 911 omnes
526 848 657 911 barbaros
675 845 823 910 eminens.
838 849 943 913 Genus
953 851 996 911 du·

320 932 404 991 eebat
420 952 436 989 a
452 931 551 1007 Cyro,
571 926 715 1005 qnondam
734 942 807 1009 rege
826 922 993 991 Persarume

322 1028 392 1087 opes
410 1026 470 1069 eta
492 1008 645 1085 maioribus
662 1002 779 1072 traditas
798 1001 951 1081 habebat3
973 1025 996 1069 et

319 1084 380 1165 ipse
387 1090 473 1169 longa
481 1087 593 1163 imperii
600 1084 777 1163 possessione
785 1088 997 1149 cumulaverat.

319 1163 349 1228 Is
362 1166 422 1248 regi
433 1188 500 1226 curn
515 1165 608 1225 omnis
618 1158 728 1246 generis
741 1161 852 1236 donis,
876 1166 938 1226 no'n
951 1164 996 1244 ipsi

319 1245 410 1308 modo
430 1265 485 1313 ea,
510 1245 555 1304 red
576 1245 663 1303 etiarn
682 1241 784 1303 amicis
803 1246 871 1320 ejus
892 1247 997 1306 daturus

319 1324 453 1399 occurrit.
476 1324 622 1401 Equorum
642 1322 743 1381 domiti
767 1341 878 1404 greges
891 1328 996 1401 oeque·

318 1404 440 1470 bantur,
461 1422 610 1478 currusque
631 1419 749 1481 argento
768 1418 800 1460 et
820 1414 898 1463 auro
916 1403 997 1464 ador·

318 1484 394 1551 nati,
406 1482 528 1559 pretiosa
541 1481 684 1557 supellex,
695 1498 724 1539 er
734 1478 855 1541 nobiles
865 1503 997 1561 gemme,

317 1579 403 1621 aurea
414 1560 510 1639 magni
520 1559 650 1636 ponderis
662 1580 726 1618 vasa
738 1600 749 1625 ,
762 1577 919 1637 vestesque
931 1581 998 1639 pur·

316 1656 432 1721 pureae,
447 1659 475 1697 er
485 1639 586 1719 signati
599 1636 706 1718 argenti
720 1634 868 1698 talentum
879 1657 999 1716 quatuor

317 1719 422 1781 millia.
443 1718 577 1778 Ceterum
595 1733 683 1800 tanta*
692 1715 859 1795 benignitas
877 1720 997 1779 barbaro

316 1816 401 1860 causa
413 1798 513 1857 mortis
523 1795 586 1857 fuit.
602 1795 680 1854 Nam
693 1815 759 1854 curn
770 1811 881 1855 omnes
891 1798 999 1857 amicos

315 1878 393 1956 regis
409 1876 489 1935 donis
506 1892 588 1951 super
606 1875 732 1951 ipsorum
746 1892 817 1934 vota
839 1876 999 1948 coluisset3

315 1953 420 2037 Bagoae
431 1954 548 2031 spadoni
559 1995 571 2022 ,
585 1953 633 2029 qui
642 1952 845 2012 Alexandrum
858 1957 998 2033 obsequio

314 2034 443 2112 corporis
454 2033 621 2094 devinxerat
631 2032 703 2100 sibi,
722 2032 836 2091 nullum
851 2031 998 2095 honorem

314 2111 435 2176 habuit:
451 2111 665 2188 admonitusque
676 2131 691 2169 a
703 2110 876 2186 quibusdam
889 2151 899 2181 ‚
916 2133 997 2191 quam

220 2236 225 2246 .
315 2189 477 2255 Alexandro
493 2188 568 2250 cordi
582 2205 679 2259 esset;
698 2188 867 2266 respondit,
889 2210 997 2252 amucos

315 2271 416 2350 regis,
435 2290 488 2330 non
502 2285 593 2328 scorta
606 2288 637 2326 se
648 2265 735 2326 colere
749 2290 757 2321 .·
769 2287 819 2326 nec
832 2270 923 2329 moris
934 2289 998 2330 esse

315 2346 438 2418 Persis,
459 2368 548 2407 mares
565 2344 688 2414 ducere,
707 2344 752 2423 qui
772 2364 868 2426 stupro
884 2346 997 2429 efferor}

315 2445 456 2490 narentur.
472 2426 526 2485 His
541 2425 640 2486 auditis
658 2425 744 2500 spado
760 2428 925 2502 potentiam
946 2427 1000 2489 fla-

338 2507 389 2566 irio
400 2525 429 2567 et
440 2505 577 2565 dedecore
592 2504 756 2580 quesitam,
781 2503 810 2562 in
828 2525 921 2585 caput
939 2527 998 2566 no·

314 2527 445 2648 iilissimi
454 2584 604 2643 etinsontis
612 2583 747 2642 exercuit.
755 2581 894 2661 Namque
902 2586 997 2667 gentis

317 2663 444 2740 ejusdem
454 2662 611 2723 levissimos
621 2661 696 2720 salsis
706 2660 873 2723 criminibus
888 2666 999 2725 adstru-

315 2744 379 2812 xit,
394 2742 519 2802 monitos
528 2760 589 2801 tum
606 2742 720 2799 demum
732 2759 763 2817 ea
775 2739 911 2813 deferre,
928 2766 997 2804 cum

316 2823 378 2900 ipse
395 2822 526 2899 jussisset.
538 2819 654 2879 lnterim
674 2818 784 2894 quoties
801 2821 864 2881 sine
884 2822 999 2883 arbitrie

317 2917 398 2969 erat,
417 2900 542 2960 credulas
552 2899 624 2981 regis
639 2917 719 2959 aures
733 2899 895 2975 implebat3
914 2901 997 2961 dissi-

316 2977 999 3061 nutanscrunrnirae,quograviorcriminanrir
