2625 4017
501 568 697 641 uranu
745 575 822 641 rx.
936 585 996 655 etr

326 696 435 742 nomen
448 678 550 739 belluis
568 679 608 739 eis
624 680 745 739 inditum
760 700 776 739 a
793 675 920 740 Grecis:
936 695 997 738 ser·-

327 760 423 820 monis
433 760 493 837 ejus
501 759 591 839 ignari
602 759 677 819 aliud
687 759 782 851 lingua
794 780 840 818 sua
851 773 1000 835 usurpant·

326 839 391 897 Rex
399 839 505 899 duabus
515 838 627 898 urbibus
638 839 759 898 condius
770 838 799 896 in
809 856 925 916 utraque
938 833 995 898 flu·

326 915 432 986 minis,
450 917 526 994 quod
536 937 733 994 superaverat,
750 914 832 994 ripa;
849 917 998 994 copiarum

325 997 411 1056 duces
422 996 536 1056 coronis
554 1014 583 1056 et
599 997 680 1055 mille
694 997 785 1056 aureis
799 997 926 1078 singulos
943 994 998 1054 do·

325 1091 395 1136 nat:
410 1076 508 1135 ceteris
519 1095 632 1153 quoque
644 1096 696 1153 pro
707 1076 861 1152 portione,
875 1091 923 1136 aut
932 1093 999 1155 gra-

325 1155 396 1222 dus,
416 1176 502 1231 quem
512 1155 542 1214 in
552 1156 652 1214 militia
672 1156 860 1228 obtinebant3
878 1170 926 1215 aut
940 1173 995 1212 na·

323 1252 396 1295 vatae
407 1254 499 1311 operae
513 1272 525 1302 ‚
547 1232 640 1293 honos
657 1233 767 1295 habitus
778 1252 830 1295 est.
842 1234 996 1302 Abisares,

323 1313 373 1389 qui
394 1314 468 1391 prius
493 1335 580 1390 quam
600 1334 668 1373 cum
689 1313 767 1375 Poro
787 1313 998 1380 dimicaretur,

322 1392 434 1471 legatos
456 1394 489 1452 ad
513 1393 708 1452 Alexandrum
730 1393 874 1462 miserat,
904 1409 997 1460 rursus

322 1471 397 1531 alios
421 1472 520 1545 misit3
544 1472 713 1549 pollicentes
740 1470 834 1530 amnia
850 1468 997 1547 facturum

323 1569 384 1628 qua
395 1550 579 1627 imperasset,
602 1548 727 1610 modone
740 1567 883 1629 cogeretur
896 1565 994 1627 eorpus

322 1648 402 1688 suurn
423 1628 524 1691 dedere
535 1649 548 1701 ,·
570 1648 656 1707 neque
675 1628 749 1688 enirn
770 1647 818 1688 aar
836 1627 898 1688 sine
916 1625 995 1705 regio

322 1706 436 1786 imperio
447 1707 581 1769 uicturum
592 1733 603 1768 .·
614 1725 661 1766 aut
671 1724 845 1786 regnaturam
856 1724 918 1768 este
930 1723 998 1785 cap-

322 1786 420 1846 tivum.
442 1786 499 1847 Cui
519 1787 684 1847 Alexander
699 1784 826 1846 nuntiari
845 1784 944 1860 jussit3
966 1778 995 1844 si

318 1882 485 1945 gravaretur
494 1863 531 1926 ad
541 1886 573 1925 se
584 1864 680 1926 uenire
689 1905 700 1936 ,
710 1864 800 1944 ipsum
812 1862 848 1925 ad
860 1883 919 1925 eura
928 1881 995 1924 esse

321 1962 477 2005 ventarum.
500 1945 578 2006 Hinc
600 1944 676 2006 Poro
698 1965 838 2023 amneque
861 1959 993 2021 superato

320 2023 356 2083 ad
378 2025 511 2085 interiora
528 2024 613 2086 Indiae
635 2026 781 2103 processit.
803 2023 887 2087 Silvae
911 2033 993 2084 erant

320 2123 410 2180 prope
422 2104 451 2163 in
462 2106 636 2166 immensum
647 2104 768 2182 spatium
778 2101 881 2164 diffusae
892 2144 904 2172 ,
920 2121 990 2179 pto·

320 2183 447 2257 cerisque
465 2200 493 2243 et
513 2183 542 2242 in
559 2182 695 2244 eximiam
712 2181 891 2243 altitudinem
910 2179 992 2242 editis

320 2261 467 2320 arboribus
487 2263 636 2321 umbrosa.
657 2260 788 2338 Plerique
808 2260 881 2321 rami
905 2260 994 2320 instar

319 2338 479 2419 ingentium
499 2340 623 2417 stipitum
636 2338 702 2401 flexi
721 2342 751 2399 in
767 2339 908 2409 humum,
925 2358 991 2399 rur·

320 2440 384 2488 sus,
395 2440 449 2495 qua
461 2439 489 2478 se
500 2437 704 2489 curvaverant,
716 2420 896 2499 erigebantur
904 2417 988 2486 adeo,

319 2517 352 2557 ut
363 2498 469 2575 species
485 2517 557 2559 esset
572 2518 632 2558 non
647 2499 720 2559 rami
735 2498 923 2578 resurgentis,
941 2495 990 2558 sed

317 2576 427 2637 arboris
436 2598 472 2638 ex
484 2600 532 2638 sua
550 2576 643 2640 radice
654 2595 804 2659 generatae.
820 2576 895 2638 Coeli
910 2595 990 2638 tem·

316 2654 408 2733 peries
422 2657 538 2718 salubris
553 2681 562 2717 r
576 2658 681 2735 quippe
690 2677 720 2719 et
729 2658 790 2719 vim
800 2656 867 2718 solis
882 2659 989 2716 umbrae

316 2738 415 2795 levant
428 2758 438 2807 3
457 2753 486 2795 et
499 2757 576 2812 aquas
589 2738 673 2818 largae
691 2755 808 2797 manant
821 2758 838 2796 e
850 2735 988 2796 fontibus.

316 2814 454 2875 Ceterum
467 2814 512 2875 bic
523 2837 636 2892 quoque
645 2817 817 2893 serpentium
829 2835 932 2895 magna
943 2813 988 2878 vis

315 2913 395 2984 erat,
417 2895 539 2972 squamis
554 2895 699 2977 fulgorem
712 2897 778 2986 'auri
798 2894 988 2986 reddentibus·

313 2970 401 3038 Virus
421 2972 497 3038 baud
522 2974 615 3040 ullum
640 2995 733 3059 magu
757 2994 888 3050 noxium,
909 2991 986 3048 esst
