2625 4017
356 547 465 634 '‘'456
584 547 630 634 Q.
655 550 914 616 ·CURT11

402 672 554 736 exceperat
567 653 826 736 Hephaestionem,
847 653 1012 737 gratuitum
1026 658 1087 721 fru-

388 735 534 801 'mentum
550 737 639 815 copiis
650 736 709 815 ejus
725 736 895 797 admensus:
909 756 1087 808 nontamen

401 820 430 881 ei
442 835 625 888 occurrerat,
637 838 674 879 ne
685 816 771 876 fidem
782 817 868 878 ullius
878 816 934 876 nisi
947 819 1027 901 regis
1036 835 1087 887 ex-

386 899 551 979 ·periretur.
564 899 662 977 Itaque
674 897 799 959 venienti
816 896 937 957 obviam
948 918 1022 958 eum·
1036 920 1084 959 ar·

401 998 483 1039 mato
494 980 620 1039 exercitu
633 997 758 1059 egressus
773 993 833 1051 ett;
849 976 1002 1055 elephanti
1012 1000 1085 1059 quo-

397 1079 458 1138 „que
475 1059 652 1137 permodica
664 1057 813 1119 intervalla
827 1056 957 1120 rnilitum
973 1058 1085 1139 agmini

399 1139 548 1208 immixti,
568 1140 669 1217 procul
682 1137 864 1199 castellorum
878 1137 1011 1200 fecerant
1023 1158 1083 1217 spe-

400 1221 488 1281 ciem.
510 1221 556 1279 Ac
567 1220 661 1297 primo
680 1217 844 1298 Alexander
863 1236 924 1277 non
944 1220 1083 1288 socium,

401 1300 449 1360 sed
462 1298 573 1359 hostem
589 1299 739 1359 adventare
752 1298 892 1359 credebat.
916 1295 1046 1375 Jamque
1057 1314 1084 1360 et

398 1380 460 1517 {pte
472 1400 548 1437 arma
564 1377 669 1438 milites
687 1397 806 1457 capere,
822 1395 850 1435 et
862 1376 973 1455 equites
987 1377 1083 1439 disce·

421 1478 464 1517 ere
475 1456 505 1515 in
514 1478 618 1535 cornua
629 1458 759 1537 iusserat,
772 1474 885 1533 paratos
893 1458 929 1516 ad
941 1478 1085 1539 pugnarn.

399 1538 442 1598 At
453 1538 537 1597 lndus
547 1538 667 1619 cognito
679 1536 871 1597 Macedonum
882 1556 984 1597 errore
996 1580 1007 1608 ‚
1023 1540 1081 1611 ius-

399 1619 437 1678 sis
447 1615 593 1679 subsistere
604 1617 703 1678 ceteris
713 1658 724 1686 ,
741 1616 801 1698 ipse
814 1615 943 1677 concitat
953 1637 1083 1696 equum,

400 1720 460 1776 quo
480 1698 636 1762 uehebatur
655 1720 664 1757 ε
682 1696 758 1756 idem
776 1696 946 1757 Alexander
965 1715 1083 1775 quoque

400 1778 469 1837 fecit
481 1819 491 1847 ,
511 1780 570 1839 sive
581 1777 668 1838 hostis
680 1816 689 1845 ‚
702 1776 760 1835 sive
771 1776 879 1836 amicus
891 1796 1060 1839 occurreret
1072 1818 1082 1849 ,

397 1859 445 1931 vel
459 1879 508 1917 sua
521 1858 647 1927 virtute,
671 1856 717 1915 vel
731 1855 807 1915 illius
818 1854 874 1916 fide
891 1872 986 1917 nutus.
1004 1858 1080 1919 coi-

396 1954 484 2005 vere,
498 1938 574 2014 quod
589 1957 624 1997 ex
635 1930 778 2012 utriusque
791 1935 871 1995 uultu
882 1955 981 2013 posset
991 1939 1080 1998 intel-

394 2015 471 2095 ligi,
489 2016 589 2076 amicis
607 2015 736 2095 animis:
757 2032 884 2075 ceterum
903 2017 965 2077 sine
986 2018 1079 2078 inter-

393 2112 475 2175 prete
498 2117 558 2155 non
580 2115 692 2174 poterat
713 2095 823 2156 conseri
845 2115 953 2155 sermo.
977 2098 1079 2175 Itaque

299 2213 302 2220 ·
390 2170 524 2237 'adhibito
547 2195 605 2245 eo,
628 2178 761 2236 barbarus
779 2172 936 2234 decurrisse
953 2196 987 2235 te
1007 2175 1082 2237 dixit

394 2275 456 2315 eum
467 2256 621 2324 exsuita,
643 2272 716 2315 totas
733 2251 840 2334 imperii
852 2252 933 2314 uires
945 2255 1078 2336 protinus

318 2339 321 2344 “
392 2331 584 2409 traditurum
603 2356 654 2395 nee
666 2331 844 2415 exspectasse
859 2331 922 2394 dum
938 2355 992 2417 per
1004 2357 1079 2396 nun·

392 2414 452 2475 tior
466 2411 671 2503 daretutfidet.
691 2410 799 2494 Corpus
816 2432 894 2473 tuum
914 2431 943 2474 et
960 2436 992 2476 re
1014 2436 1079 2482 num

388 2495 553 2576 permittere
564 2493 630 2564 itti,
651 2487 935 2573 quem'tditetglorioe
949 2435 1081 2556 miiitu-

392 2592 449 2634 tent
460 2618 473 2645 ,
494 2573 566 2634 nihil
582 2572 675 2653 magis
691 2570 883 2656 quamfatnetn
896 2573 999 2636 timere
1008 2596 1077 2658 per·

381 2649 480 2733 fidite.
498 2652 589 2714 Laetus
611 2653 792 2731 simplicitate
815 2652 928 2714 barbari
943 2675 1025 2727 tex,
1049 2672 1079 2717 et

387 2733 518 2794 dextram
529 2733 594 2794 fidei
605 2755 660 2793 suae
676 2734 776 2813 pignus
788 2729 862 2792 dedit
873 2755 882 2805 3
903 2753 933 2794 et
949 2757 1078 2817 regnum

387 2813 521 2875 restituit.
536 2831 590 2875 ivr
603 2812 748 2891 elephanti
760 2831 839 2873 erant
849 2834 945 2891 ,aluos
959 2817 1083 2878 tradidit

386 2892 579 2964 Alexandro,
603 2896 749 2970 multaque
762 2913 865 2971 pecora
876 2895 994 2955 eximiae
1008 2919 1078 2958 ma—

379 2973 540 3053 ¹guitudinis
553 2998 561 3037 t
575 2990 670 3038 tauros
681 2973 714 3036 ad
727 2992 772 3034 111
781 2969 1080 3057 millia‚2pre'ti0sum
