2625 4017
297 608 358 685 330
478 593 524 677 Q.
562 595 806 661 cunali

297 696 531 766 reconciliandam
538 698 662 780 gratiam
674 719 736 759 cura
747 695 909 767 Perdicca,
925 712 971 757 atto

295 780 384 843 armis
399 778 558 840 certandum
573 798 636 838 esse
648 781 818 839 censebant.
836 778 921 838 Forte
932 779 966 838 ita
1009 823 1011 862 Ι

297 860 461 927 acciderat,
485 858 578 936 utqui
594 858 624 916 in
640 858 715 938 agris
729 877 835 927 erant,
856 860 966 937 popula·
1002 871 1005 876 ’

295 940 408 1002 tionem
423 938 557 1002 villarum
570 936 762 1016 vicorumque
778 938 886 1007 veriti,
905 958 968 998 con·

295 1021 428 1111 fugerent
446 1018 476 1076 in
495 1021 616 1077 urbem:
631 1015 795 1093 oppidani,
817 1040 886 1078 eum
903 1017 971 1095 ipsos

297 1100 435 1159 alimenta
453 1097 626 1163 deficerent,
647 1097 718 1156 urbe
737 1098 932 1157 excederent:
946 1113 969 1156 et

297 1177 410 1255 utrique
426 1176 522 1257 generi
541 1175 628 1235 tutior
646 1174 744 1235 aliena
762 1176 871 1248 sedes,
892 1197 969 1253 quant

299 1278 350 1319 sua
376 1255 527 1317 videretur.
552 1253 688 1331 Quorum
712 1256 970 1316 consternationem

297 1336 474 1397 Macedones
483 1334 567 1394 veriti
576 1373 586 1402 ‚
596 1334 629 1391 'in
639 1333 751 1413 regiam
762 1335 876 1396 co'e'unt
885 1357 895 1408 3
905 1356 971 1411 que·

319 1435 356 1475 ue
380 1415 506 1491 ipsorum
530 1412 668 1473 sententia
695 1430 793 1482 esset,
818 1431 970 1493 exponunt.

298 1433 435 1554 ilacebat
451 1511 546 1552 autem
558 1491 665 1571 legatos
675 1490 713 1550 ad
732 1491 845 1569 equites
858 1492 929 1553 mitti
943 1490 971 1551 de

247 1579 264 1615 *x
289 1571 424 1653 finienda
433 1569 590 1640 discordia,
607 1569 748 1649 armisque
757 1572 910 1642 ponendis.
920 1572 971 1653 lgi-

300 1673 347 1714 rur
367 1674 383 1712 a
405 1671 472 1733 rege
494 1652 603 1731 legatur
625 1649 710 1709 Pasas
731 1649 921 1721 Thessalus,
949 1666 972 1710 et

299 1732 426 1793 Amissus
449 1730 739 1810 Megalopolitanus,
769 1749 802 1789 et
825 1732 971 1792 Perilaus:

298 1811 425 1890 quicum
438 1811 568 1869 mandata
585 1809 658 1890 regis
668 1808 825 1870 edidissent
836 1832 847 1884 3
862 1831 915 1871 noa
926 1807 972 1870 ali·

301 1908 346 1949 ter
362 1888 499 1969 posituros
518 1909 594 1948 arma
616 1886 749 1966 equites,
775 1891 906 1966 quamsi
929 1905 974 1949 ree

299 1966 448 2027 discordia
465 1986 589 2026 auctores
606 1964 787 2035 dedidisset,
812 1972 906 2030 tulere
921 1989 972 2029 res-

298 2067 436 2126 ponsum.
448 2046 504 2106 His
515 2045 679 2106 renuntiatis
690 2066 739 2106 sua
758 2067 866 2123 sponte
879 2050 974 2109 milites

299 2148 380 2188 arma
403 2127 541 2205 capiunt,
566 2146 689 2203 quotum
708 2128 842 2190 tumultu
865 2150 881 2189 e
906 2127 973 2208 regia

297 2205 445 2285 Philippus
457 2206 582 2273 excitus,
595 2202 698 2271 Nihil,
710 2204 808 2281 inquit
821 2247 831 2276 ‚
844 2207 974 2268 seditione

298 2302 343 2345 est
353 2305 431 2364 opus.
445 2284 520 2345 Nam
534 2284 607 2343 inter
617 2304 648 2342 se
661 2284 833 2345 certantium
845 2286 974 2364 prumia,

299 2362 347 2443 qui
360 2363 538 2442 quieverint,
557 2360 734 2442 occupabant.
749 2360 847 2424 Simul
864 2385 975 2427 menen·

297 2441 355 2504 tote
377 2463 433 2501 rein
457 2463 519 2502 esse
538 2463 598 2501 cum
624 2440 753 2508 civibus,
776 2446 882 2520 quibus
908 2463 974 2526 spem

294 2520 401 2601 gratiae
414 2520 469 2581 cita
482 2520 638 2602 abrumpere
650 2519 686 2579 ad
697 2519 800 2580 delium
814 2523 903 2585 civile
920 2542 974 2603 pro·

293 2600 449 2679 perantiatn
463 2619 516 2661 est.
530 2598 628 2659 Altera
646 2598 786 2678 legatione
800 2623 842 2661 an
858 2599 974 2683 mitigari

294 2678 428 2759 possint,
448 2680 619 2760 experiantur
637 2705 646 2737 .·
662 2695 690 2737 et
705 2678 787 2739 credo
801 2683 928 2742 nonduin
939 2702 976 2741 re·

294 2757 345 2837 gis
359 2778 469 2837 corpore
483 2758 608 2839 sepulto,
629 2756 665 2816 ad
680 2759 845 2837 prestanda
866 2762 895 2821 ei
908 2763 976 2839 justa

299 2856 393 2895 amnes
410 2857 472 2896 esse
490 2839 620 2898 coituros.
636 2833 720 2915 Quod
737 2836 775 2895 ad
794 2857 841 2898 me
860 2842 976 2906 attinet,

296 2914 409 2974 reddere
421 2915 471 2976 hoe
484 2916 630 2995 imperium
642 2916 732 2983 malo,
749 2936 836 2993 quant
850 2935 975 2979 exercere

296 2992 400 3055 ciuium
410 2995 547 3077 sanguim
560 3023 571 3057 r
587 3014 613 3058 et
623 2994 649 3060 si
660 2993 738 3058 nulla
750 2995 812 3061 alia
823 2996 976 3061 concordie
