2625 4017
400 550 455 611 196
576 538 617 621 Q,
657 539 898 603 CURTII

395 661 447 706 est.
459 638 651 719 Amphoterus
662 640 782 710 deinde,
800 642 892 702 classis
903 642 1067 720 prefectum

395 723 430 792 ad
444 721 618 783 liberandam
635 720 752 781 Cretam
763 721 860 781 missus
872 726 1018 800 (namque
1037 744 1066 785 et

394 802 542 862 Persarum
556 816 584 859 et
595 802 749 877 piratarum
760 800 845 859 armis
857 801 990 878 pleraque
1005 801 1065 880 ejus

393 880 490 941 insulae
509 880 705 940 obsidebantur
725 878 739 952 )
758 894 822 937 unte
841 880 932 940 omnia
953 900 1027 941 mate
1047 902 1065 942 a

390 958 520 1040 piraticis
530 956 668 1034 classibus
678 955 823 1018 uindicate
838 958 945 1037 jussus:
958 962 1063 1039 quippe

392 1037 552 1099 obnoxium
562 1037 737 1115 praedonibus
745 1036 858 1109 erat3in
867 1038 974 1098 bellurn
984 1044 1065 1099 ut'ro-

390 1137 520 1198 quetege
529 1138 678 1179 converso.
687 1114 742 1175 His
751 1116 1062 1192 compositis,Herculi

391 1196 482 1275 Tyrio
494 1217 530 1257 ex
540 1218 610 1257 auro
628 1212 786 1267 crateram,
808 1199 874 1255 cum
885 1196 998 1275 triginta
1010 1219 1062 1274 pa·

389 1277 456 1336 teris
472 1275 595 1338 dicavitt
608 1273 814 1350 imminensque
825 1274 916 1344 Dario
929 1314 939 1345 ,
958 1275 1011 1337 iter
1023 1276 1061 1338 ad

389 1350 552 1432 Euphraten
580 1351 735 1412 rotiuntt'ari
750 1352 837 1429 jussit.

427 1434 505 1494 Cur.
522 1434 533 1492 l
568 1476 577 1494 .
595 1432 636 1491 At
651 1429 755 1491 Darius
771 1469 781 1501 ,
799 1452 866 1492 curn
882 1434 917 1491 ab
931 1431 1058 1513 AEgypto

387 1511 529 1576 divertisse
541 1511 571 1571 in
582 1511 711 1571 Africam
726 1509 838 1571 hostem
850 1514 1035 1589 comperisset
1047 1539 1060 1590 ς

386 1592 580 1667 dubitaverat,
592 1588 723 1651 utrumne
732 1590 805 1651 eirca
815 1590 1058 1666 Mesopotamiam

386 1671 562 1739 subsisteret,
572 1690 619 1739 an
631 1669 766 1731 interiora
778 1670 857 1751 regni
871 1669 913 1728 sui
926 1688 1054 1746 peteret:

385 1749 459 1811 haud
469 1749 552 1810 dubie
563 1749 814 1827 potentiorauctor
822 1766 939 1826 ptaesens
947 1748 1056 1814 futurus

384 1827 867 1909 ultimisgentibusimpigrebelium
876 1831 1054 1904 capessendi,

384 1922 452 1987 q'ttas
471 1927 543 1987 aegre
563 1926 613 1984 pet
628 1906 773 1985 praefectos
787 1927 853 1966 suos
870 1906 1056 1971 moliebatur.

384 1987 438 2048 Sed
458 2006 489 2047 ut
505 1985 614 2045 idoneis
630 1986 792 2047 auctoribus
806 1985 881 2045 fama
897 1985 1026 2067 vulgavit
1043 2029 1055 2059 ,

385 2062 574 2136 Alexandrum
584 2084 644 2124 tum
655 2062 779 2125 omnihus
789 2062 887 2143 copiis,
896 2082 1055 2141 quemcum-

383 2149 434 2237 p'u'e
445 2144 504 2226 ipse
516 2142 622 2203 adisset
632 2142 770 2223 regionem
778 2182 787 2213 ,
795 2140 942 2222 petiturum
955 2169 965 2203 .-
977 2144 1054 2208 haud

383 2233 496 2305 ignatus
506 2244 592 2302 quam
603 2244 671 2286 eum
680 2240 793 2297 strenuo
804 2237 846 2291 res
852 2238 944 2295 ‚esset3
959 2224 1053 2297 omnia

382 2301 478 2384 longia
496 2322 589 2362 uarum
603 2300 729 2382 gentiunt
745 2297 854 2374 auxilia
872 2297 1052 2379 Babyloniam

382 2324 506 2443 contrall
526 2381 613 2460 jussit.
636 2380 797 2448 Bactriani,
818 2378 1003 2457 Scythaeque,
1022 2403 1052 2446 et

381 2460 444 2520 lndi
458 2478 668 2523 conuenerant:
680 2480 747 2519 nam
760 2477 789 2519 et
804 2477 960 2531 ceterarum
974 2481 1050 2540 gen-

380 2540 453 2600 tium
463 2541 551 2617 copiae
560 2539 775 2618 partibussimul
789 2537 944 2615 adfuerunt.
960 2543 1050 2601 Gete-

379 2639 464 2688 num,
481 2640 548 2680 cum
557 2618 675 2678 dimidio
685 2617 773 2684 ferme
783 2616 956 2694 majoresset
966 2625 1050 2679 exet-

379 2697 451 2759 eitus
460 2719 571 2776 „quam
585 2698 614 2756 in
625 2696 728 2763 Cilicia
741 2696 848 2768 fuerat3
861 2694 957 2755 multis
967 2704 1047 2769 armet

379 2777 516 2854 deerant:
532 2798 593 2854 quae
604 2785 714 2837 summa
723 2793 790 2838 ¹cura
800 2776 1056 2851 comparabantur,

380 2854 525 2948 E‘quitibus
539 2855 671 2932 equisque
683 2870 846 2932 tegumenta
854 2870 933 2913 erant
942 2859 978 2915 ex
990 2855 1049 2924 fer·

377 2953 431 2997 reu
444 2933 557 2999 laminis
571 2933 642 2995 serie
656 2932 730 2993 inter
743 2951 771 2995 se
781 2931 934 3000 connexis:
946 2932 1047 3021 quibus
1064 3000 1068 3006 ,
