2625 4017
398 545 493 617 aar.
580 532 625 614 Q.
664 535 906 601 cuncti

393 652 515 719 quateret
532 634 568 695 ad
582 655 710 707 terrram
734 637 889 714 elicuitque
906 637 982 700 iram
1000 640 1077 706 Ale.-

392 717 511 784 xandri,
528 736 613 792 quam
625 716 697 775 olim
711 717 808 775 animo
821 738 922 794 capere
939 741 1002 784 non
1014 744 1074 799 po-

393 815 477 859 terat.
494 799 591 871 ltaque
607 816 679 865 rex,
696 794 736 855 Tu
749 813 861 865 nutent,
877 797 993 875 inquit,
1013 822 1070 861 non

390 876 564 945 veneraberis
578 895 619 933 me
632 876 648 933 i
663 874 708 933 Λα
723 872 774 932 nli
790 874 837 934 uni
849 874 928 955 digni
941 876 1071 941 videraut·

391 982 453 1022 esse
477 953 625 1015 ludibrio?
649 955 702 1013 llle
722 973 772 1011 nec
794 973 889 1032 regern
912 953 1067 1031 ludibri03

390 1060 441 1100 nec
464 1058 495 1097 te
522 1049 656 1093 contemtu
680 1031 793 1109 dignum
822 1039 884 1092 erse
906 1038 1069 1112 respondit,

389 1121 469 1181 Tum
486 1116 641 1174 detractum
660 1132 725 1179 eum
742 1113 818 1169 lecto
838 1133 888 1173 rex
905 1117 1068 1193 praecipitat

389 1201 418 1259 in
435 1215 550 1257 tertam.
578 1192 614 1251 Et
638 1190 743 1251 cumis
760 1210 865 1266 pronus
882 1195 1037 1256 corruisset
1056 1217 1067 1267 ;

389 1275 533 1343 Videsne,
551 1269 660 1347 inquit,
677 1266 748 1332 idem
765 1287 791 1326 te
799 1267 930 1342 fecitte,
947 1272 1066 1349 quadiu

388 1356 443 1418 alio
452 1350 533 1434 paulo
546 1368 609 1408 ante
619 1346 754 1407 ridebas?
769 1343 808 1416 Et
818 1348 891 1416 tradi
905 1370 935 1409 eo
953 1351 984 1413 in
997 1373 1066 1411 eus-

388 1426 1064 1508 todiamjussoconviviumsolvit.Polyperconti

387 1514 499 1594 quidem
513 1526 609 1586 postea
623 1506 760 1582 castigato
777 1508 823 1565 diu
835 1507 959 1586 ignovit.

423 1592 500 1653 Cra.
520 1588 573 1649 Vl.
591 1587 623 1645 ln
643 1583 838 1644 Callisthenen
857 1588 929 1646 olim
950 1606 1061 1651 contu-

384 1673 483 1734 maciae
510 1684 668 1743 suspectum
697 1664 895 1739 pervicacioris
916 1666 965 1728 itae
993 1669 1063 1731 fuit.

383 1753 474 1828 Cujus
494 1745 637 1824 explendae
661 1759 770 1802 matura
791 1745 908 1805 obvenit
925 1749 1059 1820 occasio,

381 1826 452 1891 Mos
463 1847 541 1893 erat,
557 1844 589 1884 ut
599 1844 680 1899 supra
690 1822 796 1888 dictum
809 1841 866 1897 est,
882 1823 1061 1902 principibus

383 1904 577 1970 Macedonum
586 1900 1061 1983 adultosliberosregibustradere,

382 1990 418 2050 ad
430 1985 527 2045 munia
545 1981 617 2040 haud
629 1981 751 2039 multum
762 1980 907 2043 servilibus
921 1984 1060 2045 ministe-

381 2069 430 2131 riis
446 2061 635 2125 abhorrentia.
652 2058 836 2119 Excubabant
850 2063 967 2123 servatis
981 2085 1060 2136 noc-

382 2146 454 2211 tium
466 2144 572 2204 vicibus
591 2137 714 2217 proximi
724 2138 829 2198 fotibus
842 2140 926 2209 aedis,
946 2142 978 2202 in
999 2165 1059 2221 qua

380 2249 431 2293 vex
443 2222 646 2299 acquiescebat.
659 2216 712 2276 Pet
723 2216 774 2277 hos
790 2220 905 2295 pellices
919 2220 1059 2283 introdu-

381 2309 516 2368 cebantur
538 2300 596 2358 alio
617 2298 714 2363 aditu,
736 2317 928 2375 quamquem
949 2302 1060 2363 armati

381 2383 556 2448 obsidebant.
574 2377 665 2437 iidem
682 2395 812 2452 acceptos
826 2380 860 2436 ab
878 2381 1057 2459 agasonibus

381 2484 490 2543 equos,
509 2479 575 2518 curn
591 2476 640 2516 rex
655 2473 816 2515 ascensurus
832 2477 923 2526 esset,
945 2460 1057 2520 admo-

286 2594 293 2605 .
379 2546 500 2609 vebant3
514 2536 776 2608 comitabanturque
788 2552 816 2591 et
827 2555 1005 2607 venantem,
1026 2557 1059 2601 et

379 2624 409 2684 in
421 2618 537 2704 ptaeliis:
550 2613 679 2673 omnibus
690 2616 793 2672 artibus
802 2614 961 2676 studiorum
974 2619 1055 2678 libe-

378 2701 482 2763 talium
491 2686 872 2765 exculti.Prarcipuushonor
881 2694 1056 2769 habebatur,

379 2780 456 2858 quod
475 2776 577 2835 licebat
598 2770 755 2829 sedentibus
779 2772 859 2832 vesci
877 2795 945 2836 curn
970 2774 1057 2857 tege,

300 2898 307 2914 .
378 2853 542 2935 Castigandi
559 2849 718 2911 verberibus
736 2870 785 2908 eos
803 2850 907 2910 nullius
924 2873 1058 2929 potestas

374 2954 477 3025 prater
488 2936 580 3011 ipsum
593 2947 659 2993 erut·
675 2926 744 2992 Hac
756 2929 859 2998 cohors
868 2932 950 3001 velut
964 2935 1058 3007 semi-

935 3034 1060 3104 uariunt
