2625 4017
433 563 495 636 '144
615 552 942 636 Q,CURT11

422 655 511 731 bus,
533 658 695 739 praefectum
715 674 816 717 eorum
838 655 942 717 ottuhe
964 653 1110 719 circumire

438 758 546 820 tergum
556 756 666 798 suorum
678 736 774 810 jubet,
796 734 1027 816 Parmenionique
1042 758 1110 797 ton·

434 817 539 899 jungi,
556 832 583 875 et
593 813 663 895 quod
673 813 701 873 ir
713 815 894 894 imperasset,
911 813 1027 894 impigre
1040 835 1109 877 exe-

424 896 496 976 ·qui.
513 897 634 972 Jamque
651 894 703 972 ipsi
713 894 742 953 in
754 894 881 953 medium
892 894 1040 955 Persarum
1051 918 1108 956 un-

439 976 523 1053 dique
533 972 693 1035 circumlini
708 974 821 1053 egregie
834 993 862 1033 se
876 975 1045 1045 tuebantur;
1059 977 1110 1037 sed

379 1072 382 1078 ·
425 1054 579 1121 conserti,
594 1070 622 1112 et
633 1052 712 1128 quasi
727 1050 914 1121 cohaerentes,
927 1054 983 1112 tela
997 1054 1108 1132 vibra-re

439 1153 500 1195 non
515 1148 646 1210 poterant
657 1155 666 1192 ε
678 1131 762 1191 simul
773 1149 852 1190 erant
862 1132 982 1200 emissa,
998 1133 1027 1191 in
1042 1154 1108 1195 eos-

371 1211 374 1217 ’
439 1213 505 1273 dem
521 1210 716 1272 concurrentia
733 1211 970 1286 implicabantur,
992 1213 1108 1291 levique

440 1310 470 1352 et
486 1312 562 1353 vano
580 1290 638 1349 ictu
657 1310 747 1367 pauca
770 1290 799 1348 in
818 1288 952 1357 hostem,
978 1293 1058 1367 plura
1078 1295 1109 1352 in

439 1370 560 1430 humum
581 1368 700 1427 innoxia
717 1368 863 1431 cadebant.
882 1368 960 1506 Eggo
977 1371 1109 1431 cominus

427 1464 565 1529 'pugnam
578 1446 671 1507 coacti
679 1461 827 1508 conserere
838 1488 847 1517 ,
863 1448 910 1527 gln
930 1450 973 1508 ios
985 1450 1107 1530 impigre

440 1530 589 1609 stringunt.
615 1524 695 1586 Tum
722 1547 793 1587 vero
818 1531 941 1588 multum
966 1549 1013 1590 san
1036 1531 1110 1589 uinis

439 1606 532 1668 fusum
550 1623 601 1666 est.
620 1603 693 1666 Duae
709 1606 812 1683 quippe
831 1606 904 1666 acies
920 1608 959 1668 ita
980 1550 1110 1668 cohaere·

428 1688 528 1754 bant,
546 1702 577 1746 ut
591 1685 676 1744 armis
689 1703 766 1745 arma
778 1686 939 1762 pulsarent;
958 1708 1110 1748 mucrones

440 1768 471 1827 in
481 1786 530 1826 ora
543 1765 704 1845 dirigerent.
717 1764 786 1823 Non
795 1764 912 1833 timido,
927 1786 987 1825 non
1000 1768 1109 1847 ignavo

440 1865 547 1907 cessare
558 1862 619 1903 tum
629 1843 710 1904 licuit
720 1867 729 1903 t
740 1843 847 1904 collato
858 1845 944 1922 pede,
961 1846 1041 1922 quasi
1053 1846 1110 1905 sin·

438 1924 501 2004 guli
517 1924 589 1983 inter
607 1938 636 1984 se
651 1921 838 1991 dimicarent,
859 1924 888 1982 in
901 1924 1003 1983 eodem
1020 1926 1110 1986 vesti·

462 2003 489 2062 ‘o
512 2004 642 2071 stabant,
664 2000 755 2061 donec
776 2002 920 2063 vincendo
935 2005 1035 2064 locum
1057 2006 1110 2064 sibi

438 2022 573 2145 gerrem.
587 2080 666 2141 Tum
682 2080 798 2141 demum
814 2102 884 2163 ergo
898 2086 1110 2159 promovebant

438 2161 582 2255 gradum,
604 2181 672 2221 cum
693 2160 803 2220 hostem
824 2181 1043 2237 prostraverant.
1067 2163 1111 2224 At

438 2243 606 2302 rllosnovus
615 2240 770 2318 excipiebat
778 2240 947 2301 adversarius
956 2242 1108 2324 fatigatos:

438 2343 493 2383 nec
505 2320 665 2388 vulnerati,
688 2338 719 2380 ut
732 2320 801 2380 alias
814 2321 928 2390 solent,
946 2322 1007 2382 acie
1021 2339 1109 2399 pote-v

438 2418 502 2464 rant
511 2397 664 2468 excedere,
678 2420 744 2460 cum
752 2398 840 2459 hostis
846 2399 1089 2462 instaretafronte
1094 2415 1108 2470 ‚'

437 2504 456 2543 a
472 2498 553 2559 tergo
566 2476 608 2537 sui
623 2496 765 2559 urgerent.
777 2479 937 2541 Alexander
949 2501 1011 2539 non
1029 2480 1112 2544 ducis:

390 2600 392 2606 ,
437 2560 548 2639 magis,
564 2577 649 2633 quam
661 2556 757 2618 militis
768 2578 885 2619 munera
895 2562 1111 2637 exequebatur;

431 2636 569 2716 'opimum
580 2636 663 2696 decus
674 2658 745 2697 caeso
756 2658 821 2719 rege
833 2656 977 2716 expetens.
989 2636 1107 2717 Quippe

438 2717 542 2778 Darius
552 2735 633 2782 curru
646 2716 771 2777 sublimis
781 2718 943 2792 eminebat3
963 2735 992 2777 et
1003 2720 1059 2779 suis
1072 2716 1107 2778 ad

439 2817 470 2857 se
486 2795 639 2862 tuendum,
656 2811 685 2855 et
695 2793 820 2857 hostibus
837 2797 870 2857 ad
888 2797 1109 2867 incessendum,

429 2876 540 2957 ‘ingens
569 2872 798 2948 incitamentum.
825 2874 903 2958 Ergo
927 2878 1014 2937 frater
1045 2876 1106 2967 ejus

438 2954 611 3026 Oxathres,
635 2972 703 3018 cum
724 2955 920 3023 Alexandrum
945 2958 1051 3017 instare
1078 2976 1110 3016 er

954 3074 1111 3126 cerneret,
