2625 4017
404 562 443 613 '3¹6
511 557 535 607 J.
572 552 762 608 FREINSH.
798 551 985 611 SUPPLEM.

408 645 464 710 pito
480 642 597 694 instituto
611 646 685 703 ejus,
707 646 765 709 (uod
782 644 967 696 benevolentiam
981 646 1086 698 audem

408 725 501 779 sperare
511 711 541 761 ulr
550 711 697 767 hominibus,
707 729 764 776 quos
774 712 911 762 muneribus
921 715 1081 780 corrupisset·

409 782 490 836 Falli,
509 781 548 844 qui
563 781 656 846 regium
670 778 694 827 id
705 794 803 844 putaret
815 780 942 829 :ministri
957 795 980 831 et
990 779 1082 831 diribi-

409 847 469 897 torit
481 848 581 909 efficium
595 864 650 896 esse.
669 846 760 893 Verum
776 862 830 893 cum
846 844 897 909 ipse
909 850 1016 913 pecuniae
1031 864 1085 897 ome

409 915 450 963 nie
457 912 614 978 penetrabilia
625 914 726 973 jaceret
738 950 746 970 ,
762 927 837 975 eaque
853 914 915 962 lund
925 912 1005 963 minus
1018 928 1083 977 saepe

410 996 480 1043 qnam
491 980 562 1028 armis
576 994 687 1028 uteretur
698 996 705 1030 e
722 995 771 1026 non
783 996 831 1027 cnm
841 996 906 1030 recta
921 978 1086 1043 precipiendi

409 1045 493 1095 studio
509 1045 543 1095 ita
561 1045 685 1109 scripsisse
701 1044 767 1095 visus
784 1062 838 1103 cst,
857 1064 928 1111 qnam
943 1062 1031 1105 metu,
1048 1061 1082 1097 ne

409 1114 439 1163 ab
456 1114 611 1162 adolescente
629 1113 682 1162 filio
700 1112 750 1162 suis
771 1112 862 1161 artibus
884 1128 1083 1179 oppugnaretur·

409 1181 477 1231 Idem
488 1179 629 1245 objurgavit
638 1181 820 1237 Alexandnnn,
842 1183 907 1244 quod
917 1180 1043 1230 Pexodori
1052 1180 1086 1231 fr-

409 1246 486 1304 liam,
504 1265 576 1312 quom
590 1247 691 1296 Aridaeo
713 1246 878 1296 destinaverat
894 1263 980 1311 pater,
998 1247 1086 1298 ambi·

410 1314 496 1365 visset.
521 1316 684 1383 Degenerem,
702 1331 724 1364 er
737 1316 841 1378 fortune
859 1351 867 1373 ,
888 1317 913 1365 in
930 1322 997 1380 cnjus
1014 1333 1080 1383 spem

410 1383 570 1440 educaretur,
596 1384 721 1449 indignum
744 1382 908 1443 appellando,
932 1384 973 1448 qui
991 1385 1080 1445 Cutem

408 1448 556 1505 barbarum,
576 1448 721 1514 barbaroque
737 1452 789 1515 regi
803 1449 953 1522 snlpieetnm,
969 1467 1083 1502 socerum·

410 1532 511 1583 opturet.
530 1516 575 1564 Sed
593 1514 644 1578 ipse
661 1532 688 1565 ue
703 1515 839 1577 potentiam
860 1532 926 1563 suam
947 1516 1078 1575 firmaret,

409 1582 501 1631 nullam
511 1580 680 1632 conditionem
690 1599 828 1644 aspernatus
838 1597 906 1638 erar,
924 1582 982 1647 quin
996 1600 1025 1633 ex
1041 1603 1080 1633 as-

409 1647 515 1713 perrima
540 1649 649 1699 barbarie
672 1650 766 1715 Illyrias
792 1648 938 1715 Geticasque
964 1650 1081 1701 mulieres

407 1715 564 1767 matrimonio
579 1718 693 1784 jungeret
710 1735 716 1769 :
732 1733 866 1782 erraneuam
890 1733 919 1767 ex
935 1716 989 1769 aliis
1003 1717 1085 1772 etiam

408 1783 521 1836 moribus
538 1780 716 1849 pellicibusque
734 1786 872 1848 complures
886 1786 979 1835 liberos
997 1799 1083 1837 susce·-

406 1851 493 1916 pisset.
511 1855 586 1913 Quod
603 1870 659 1903 curn
676 1854 818 1903 Alexandro
833 1853 964 1902 molestum
981 1854 1080 1906 accide-

408 1935 464 1978 ret,
482 1921 570 1969 urbane
586 1922 765 1971 adolescentem
784 1920 922 1983 corripui13
943 1921 1077 1982 hortatus,

407 2003 436 2039 ut
450 1990 537 2039 multos
550 1990 642 2055 imperii
657 1993 754 2040 emulos
763 1988 905 2045 habiturus,
923 2003 1017 2056 operum
1032 1993 1078 2041 du·

409 2072 464 2112 ret,
480 2074 523 2122 qno
540 2058 646 2107 omnibus
661 2059 744 2107 melior
753 2059 970 2123 prestantioeque,
986 2076 1032 2108 non
1049 2055 1078 2109 ob

409 2124 544 2191 Philippum
550 2138 664 2190 pcreenr,
678 2127 805 2174 sedensue
815 2126 900 2174 merito
912 2141 992 2174 rerum
998 2127 1081 2191 potiri

406 2191 539 2240 videretur.
562 2194 625 2241 Cum
640 2206 719 2239 autem
734 2189 766 2238 ob
783 2190 823 2238 has
838 2189 977 2255 similesque
993 2209 1078 2241 causas

408 2256 495 2305 crebrae
510 2255 646 2307 inciderent
661 2256 739 2321 iurgia
750 2292 757 2314 ‚
768 2273 814 2307 nec
826 2258 927 2321 abrupta
943 2260 1020 2308 semel
1037 2260 1079 2309 be-

406 2324 548 2373 nevolentia
563 2324 613 2373 fido
630 2326 718 2373 affectu
736 2325 903 2381 coalesceret3
922 2326 951 2374 ad
967 2341 1078 2377 extrema

407 2389 517 2455 prolapsi
531 2407 597 2441 sunt.
614 2391 737 2455 Praecipua
754 2391 909 2458 Olympiadis
929 2392 1077 2453 violentia,

406 2458 431 2508 in
448 2476 493 2524 qne
511 2459 690 2509 contumaciam
708 2476 777 2509 sexus
797 2458 921 2523 ingenium
937 2476 1033 2512 vastum
1051 2475 1078 2512 et

406 2527 537 2576 vehemens
560 2526 628 2577 virili
648 2529 742 2577 scelere
757 2527 782 2576 in
804 2526 938 2577 vindictam
957 2529 1075 2580 armabat.
1096 2581 1105 2588 „

406 2594 578 2645 stimulaverat
599 2612 626 2644 ea
642 2599 741 2645 fratrem
763 2594 950 2651 Alexandrum,
972 2611 999 2644 ut
1017 2595 1078 2644 Phi-

405 2659 476 2725 lippo
487 2663 578 2712 bellum
592 2666 694 2713 faceret.
710 2664 738 2711 Id
749 2678 778 2710 ne
788 2660 869 2711 alieno
880 2677 991 2724 tempore
1008 2663 1077 2712 exci-

406 2743 464 2792 pere
474 2744 619 2793 cogeretur,
638 2728 742 2778 callidus
752 2746 809 2786 rex,
828 2746 969 2793 quamquam
981 2729 1077 2780 viribus

406 2796 462 2858 plns
472 2811 571 2859 poterat
581 2832 588 2854 ,
610 2796 704 2845 firmata
714 2813 757 2860 per
766 2813 856 2846 novam
866 2795 1007 2847 affinitatem
1019 2814 1076 2860 gra-

405 2860 441 2911 tia
455 2863 587 2925 prevenire
602 2863 713 2921 sorduit,
733 2865 851 2927 desponsa
867 2863 992 2925 Epirotae,
1011 2865 1077 2914 Ale-

404 2929 490 2979 xandri
512 2946 641 2995 germana,
663 2931 805 2995 Cleopatra.
827 2931 870 2980 Ad
894 2930 953 2981 istas
977 2932 1076 2994 nuptias

335 3054 341 3064 .
405 2998 561 3050 celebrandas
570 2996 728 3050 finitimarum
740 2997 852 3066 gentium
861 2999 960 3068 reguli,
979 3000 1076 3054 crees·-
