2625 4017
420 552 476 604 160
594 522 918 620 Q'cuarrr

414 642 446 701 ia
465 636 495 698 iel
507 634 658 718 fastigium
679 638 791 714 recipi,
819 639 876 699 nisi
899 636 978 717 regia
996 633 1084 774 stirpe

415 736 511 779 artum
535 720 698 779 Admiratus
721 717 885 797 Hephaestio
908 716 1082 807 magnitudi-

413 819 481 858 nem
493 797 584 857 animi
597 800 769 874 spernentis,
785 798 862 874 quod
877 796 926 856 alii
939 816 988 873 per
1001 795 1081 884 ignes

410 878 574 970 ferrumque
583 894 727 953 peterem3
738 875 769 938 V
766 897 796 936 ar
807 875 914 965 quidem
926 874 1009 933 matti
1021 893 1082 934 utr-

411 972 470 1015 tute
477 955 606 1031 ,inquit,
616 972 773 1032 estote,put
783 973 864 1034 pram
875 951 1079 1020 intellexistis,

409 1051 510 1123 quarata
521 1034 609 1112 majus
620 1051 694 1092 esset
705 1073 715 1103 ,
731 1053 845 1112 regrum
852 1030 988 1108 fastidire
999 1051 1080 1109 quam

410 1111 548 1202 accipere,
574 1111 727 1182 Ceterum,
758 1113 822 1171 date
846 1110 964 1189 aliquem
991 1112 1078 1189 regite

409 1191 527 1269 stirpis,
550 1191 594 1269 qui
610 1189 781 1257 meminerit,
803 1211 821 1249 a
839 1188 917 1250 volit
937 1207 1078 1279 acceptura

408 1266 507 1327 habere
522 1289 552 1327 se
564 1288 689 1359 regnum.
705 1272 744 1329 Ar
759 1269 802 1329 illi
816 1290 884 1330 cum
899 1267 1028 1327 multos
1018 1289 1077 1326 rm-

408 1349 517 1407 minere
529 1365 610 1407 tantae
621 1348 679 1423 spei
693 1366 860 1439 cernerent,
876 1347 992 1438 singulis
1003 1346 1079 1405 ami-

406 1445 508 1485 corum
521 1427 696 1495 Alexandri,
712 1430 749 1486 ob
763 1427 881 1487 nimiam
896 1426 976 1507 regni
992 1424 1074 1501 cupi-

406 1504 549 1572 ditarem,
577 1506 743 1578 adulantes,
765 1522 913 1574 statuunt,
937 1503 1074 1564 neminem

406 1602 468 1643 esse
487 1583 620 1662 potiorem
646 1604 726 1660 quam
747 1583 957 1643 Abdalaminum
979 1601 1074 1659 quern-

404 1660 488 1730 darn,
506 1660 588 1741 longa
600 1661 706 1752 quidem
719 1663 881 1753 cognatione
892 1660 975 1741 stirpi
986 1660 1074 1738 regia

404 1740 562 1808 adnexum,
578 1739 627 1799 recl
642 1740 697 1799 ab
688 1742 807 1830 mopiam
819 1739 1000 1800 suburbanum
1009 1738 1074 1798 liar·

404 1836 460 1879 tum
479 1819 581 1897 exigue
594 1817 727 1880 calentem
742 1819 825 1900 stipe.
842 1819 978 1879 Causa
953 1839 979 1879 er
998 1840 1071 1895 pau·

402 1899 537 1975 perraris,
554 1899 630 1966 §icat
650 1900 813 1975 plerisque,
835 1898 960 1975 probitas
980 1915 1070 1957 erat:

397 1976 578 2053 'intentusque
590 1997 671 2053 operi
663 1979 802 2046 'dium0‚
815 1976 961 2053 strepitum
971 1997 1071 2035 armo-

401 2068 488 2123 rum,
504 2056 658 2131 quitoram
673 2058 771 2115 Asiam
789 2072 987 2124 concusserat,
1009 2076 1070 2115 non

401 2134 576 2195 exaudiebat.
594 2135 693 2196 Subito
704 2134 826 2205 deinde,
849 2135 883 2193 de
894 2135 993 2211 quibus
1003 2153 1070 2195 ante

400 2212 591 2283 dictumest,
613 2235 680 2273 cum
701 2214 783 2294 regiae
806 2214 890 2273 vestis
914 2214 965 2271 insi
990 2214 1070 2273 ribus

401 2289 534 2350 hortum
526 2309 649 2359 intrarit,
664 2311 749 2369 quem
763 2293 836 2351 forte
852 2292 957 2351 steriles
966 2234 1071 2353 {erbas

399 2371 508 2451 'eligens
537 2371 747 2431 Abdolominus
774 2373 953 2450 repurgabat.
982 2372 1069 2433 Tunc

399 2468 465 2543 rege
482 2469 518 2508 eo
535 2450 678 2518 salutato,
699 2450 772 2509 alter
787 2471 823 2509 ex
840 2450 906 2519 hist
930 2447 1068 2522 halitus,

397 2527 509 2616 inquit,
525 2525 591 2596 tte,
607 2548 683 2605 quem
695 2528 785 2588 cernis
798 2530 828 2587 ia
840 2529 909 2588 meir
922 2528 1068 2599 matribus,

398 2619 461 2665 'cura
486 2603 539 2664 isto
568 2606 692 2683 squalore
719 2606 916 2685 permutandus
938 2604 990 2665 rili
1012 2626 1069 2671 est.

397 2683 487 2744 Ablue
511 2703 637 2762 earpurt
628 2684 724 2744 illuvie
754 2688 915 2773 aternisque
939 2682 1069 2773 sardibus

396 2761 574 2840 squalidum:
589 2783 656 2841 cape
671 2763 746 2841 regis
759 2783 899 2832 animum,
918 2780 945 2822 et
958 2763 989 2822 ia
1006 2784 1067 2825 eam

389 2840 553 2917 fortunam,
576 2862 628 2917 qua
640 2840 741 2928 dignus
755 2862 805 2910 er,
824 2841 907 2980 ilrram
922 2843 1068 2903 continea-

398 2918 466 2982 tlara
480 2916 584 3002 profer.
594 2915 634 2983 Et
650 2938 710 2982 cara
721 2938 752 2982 ta
765 2919 852 3003 regali
847 2919 938 2984 salio
954 2920 1066 2983 reside-

995 3021 1040 3085 bis
1053 3064 1065 3095 ,
