<?xml version="1.0" encoding="UTF-8"?>
<!DOCTYPE html PUBLIC "-//W3C//DTD XHTML 1.0 Transitional//EN"
    "http://www.w3.org/TR/xhtml1/DTD/xhtml1-transitional.dtd">
<html xmlns="http://www.w3.org/1999/xhtml" xml:lang="en" lang="en">
 <head>
  <title>
</title>
<meta http-equiv="Content-Type" content="text/html;charset=utf-8" />
  <meta name='ocr-system' content='tesseract 3.04.00' />
  <meta name='ocr-capabilities' content='ocr_page ocr_carea ocr_par ocr_line ocrx_word'/>
</head>
<body>
  <div class='ocr_page' id='page_1' title='image "./qcurtiirufidere00rufugoog_0269.png"; bbox 0 0 2625 4017; ppageno 0'>
   <div class='ocr_carea' id='block_1_1' title="bbox 343 588 913 683">
    <p class='ocr_par' dir='ltr' id='par_1_1' title="bbox 343 588 913 683">
     <span class='ocr_line' id='line_1_1' title="bbox 343 588 913 683; baseline -0.011 -19"><span class='ocrx_word' id='word_1_1' title='bbox 343 678 346 683; x_wconf 17' lang='lat'><strong>⁴</strong></span> <span class='ocrx_word' id='word_1_2' title='bbox 411 607 475 676; x_wconf 72' lang='lat' dir='ltr'>ero</span> <span class='ocrx_word' id='word_1_3' title='bbox 591 592 635 678; x_wconf 85' lang='lat' dir='ltr'>Q.</span> <span class='ocrx_word' id='word_1_4' title='bbox 674 588 913 661; x_wconf 80' lang='lat' dir='ltr'>CURTll</span> 
     </span>
    </p>
   </div>
   <div class='ocr_carea' id='block_1_2' title="bbox 306 688 1082 2848">
    <p class='ocr_par' dir='ltr' id='par_1_2' title="bbox 306 688 1082 2281">
     <span class='ocr_line' id='line_1_2' title="bbox 389 688 1082 780; baseline -0.006 -18"><span class='ocrx_word' id='word_1_5' title='bbox 389 744 392 753; x_wconf 86' lang='lat'>-</span> <span class='ocrx_word' id='word_1_6' title='bbox 407 697 547 780; x_wconf 70' lang='lat' dir='ltr'>prostituto</span> <span class='ocrx_word' id='word_1_7' title='bbox 559 698 656 775; x_wconf 82' lang='lat' dir='ltr'>praelio</span> <span class='ocrx_word' id='word_1_8' title='bbox 668 698 805 768; x_wconf 83' lang='lat' dir='ltr'>celebris,</span> <span class='ocrx_word' id='word_1_9' title='bbox 820 714 849 759; x_wconf 91' lang='lat' dir='ltr'>et</span> <span class='ocrx_word' id='word_1_10' title='bbox 862 713 970 758; x_wconf 84' lang='lat' dir='ltr'>eeteros</span> <span class='ocrx_word' id='word_1_11' title='bbox 983 690 1018 755; x_wconf 87' lang='lat' dir='ltr'>ad</span> <span class='ocrx_word' id='word_1_12' title='bbox 1029 688 1082 758; x_wconf 83' lang='lat' dir='ltr'>de·</span> 
     </span>
     <span class='ocr_line' id='line_1_3' title="bbox 306 772 1079 860; baseline -0.004 -20"><span class='ocrx_word' id='word_1_13' title='bbox 306 848 311 860; x_wconf 48' lang='lat'><em>,</em></span> <span class='ocrx_word' id='word_1_14' title='bbox 412 772 551 839; x_wconf 85' lang='lat' dir='ltr'>ditionem</span> <span class='ocrx_word' id='word_1_15' title='bbox 560 776 771 839; x_wconf 86' lang='lat' dir='ltr'>suiincitaturus</span> <span class='ocrx_word' id='word_1_16' title='bbox 780 778 913 855; x_wconf 81' lang='lat' dir='ltr'>exemplo</span> <span class='ocrx_word' id='word_1_17' title='bbox 922 775 1079 838; x_wconf 85' lang='lat' dir='ltr'>videbatur.</span> 
     </span>
     <span class='ocr_line' id='line_1_4' title="bbox 407 853 1081 939; baseline -0.004 -21"><span class='ocrx_word' id='word_1_18' title='bbox 407 857 503 939; x_wconf 74' lang='lat' dir='ltr'>igitur</span> <span class='ocrx_word' id='word_1_19' title='bbox 521 854 597 916; x_wconf 86' lang='lat' dir='ltr'>hunc</span> <span class='ocrx_word' id='word_1_20' title='bbox 618 856 732 934; x_wconf 84' lang='lat' dir='ltr'>quidem</span> <span class='ocrx_word' id='word_1_21' title='bbox 752 857 873 936; x_wconf 84' lang='lat' dir='ltr'>benigne</span> <span class='ocrx_word' id='word_1_22' title='bbox 895 869 963 916; x_wconf 81' lang='lat' dir='ltr'>curn</span> <span class='ocrx_word' id='word_1_23' title='bbox 984 853 1081 915; x_wconf 84' lang='lat' dir='ltr'>liberis</span> 
     </span>
     <span class='ocr_line' id='line_1_5' title="bbox 406 932 1081 1013; baseline -0.007 -15"><span class='ocrx_word' id='word_1_24' title='bbox 406 936 550 1013; x_wconf 79' lang='lat' dir='ltr'>&#39;excepits</span> <span class='ocrx_word' id='word_1_25' title='bbox 571 951 697 1013; x_wconf 84' lang='lat' dir='ltr'>ceterum</span> <span class='ocrx_word' id='word_1_26' title='bbox 708 933 838 1013; x_wconf 78' lang='lat' dir='ltr'>quadrato</span> <span class='ocrx_word' id='word_1_27' title='bbox 852 932 984 1013; x_wconf 81' lang='lat' dir='ltr'><strong><em>agmine,</em></strong></span> <span class='ocrx_word' id='word_1_28' title='bbox 1003 933 1081 1009; x_wconf 87' lang='lat' dir='ltr'>quod</span> 
     </span>
     <span class='ocr_line' id='line_1_6' title="bbox 405 1010 1081 1093; baseline -0.009 -17"><span class='ocrx_word' id='word_1_29' title='bbox 405 1012 472 1093; x_wconf 88' lang='lat' dir='ltr'>&#39;ipse</span> <span class='ocrx_word' id='word_1_30' title='bbox 481 1014 620 1084; x_wconf 83' lang='lat' dir='ltr'>ducebat,</span> <span class='ocrx_word' id='word_1_31' title='bbox 632 1013 745 1075; x_wconf 71' lang='lat' dir='ltr'>velutin</span> <span class='ocrx_word' id='word_1_32' title='bbox 756 1012 843 1074; x_wconf 85' lang='lat' dir='ltr'><em>aciem</em></span> <span class='ocrx_word' id='word_1_33' title='bbox 855 1013 951 1081; x_wconf 79' lang='lat' dir='ltr'>irent,</span> <span class='ocrx_word' id='word_1_34' title='bbox 968 1010 1081 1091; x_wconf 78' lang='lat' dir='ltr'><strong><em>ingredi</em></strong></span> 
     </span>
     <span class='ocr_line' id='line_1_7' title="bbox 405 1088 1082 1175; baseline -0.007 -21"><span class='ocrx_word' id='word_1_35' title='bbox 405 1093 572 1171; x_wconf 75' lang='lat' dir='ltr'>&#39;suosjuben</span> <span class='ocrx_word' id='word_1_36' title='bbox 581 1095 686 1175; x_wconf 83' lang='lat' dir='ltr'>Magna</span> <span class='ocrx_word' id='word_1_37' title='bbox 694 1104 757 1172; x_wconf 79' lang='lat' dir='ltr'>pars</span> <span class='ocrx_word' id='word_1_38' title='bbox 765 1088 988 1171; x_wconf 86' lang='lat' dir='ltr'>Babyloniorum</span> <span class='ocrx_word' id='word_1_39' title='bbox 996 1111 1082 1152; x_wconf 89' lang='lat' dir='ltr'>cons·</span> 
     </span>
     <span class='ocr_line' id='line_1_8' title="bbox 403 1170 1081 1254; baseline -0.006 -21"><span class='ocrx_word' id='word_1_40' title='bbox 403 1172 507 1235; x_wconf 80' lang='lat' dir='ltr'>··titerat</span> <span class='ocrx_word' id='word_1_41' title='bbox 515 1172 545 1231; x_wconf 88' lang='lat' dir='ltr'>in</span> <span class='ocrx_word' id='word_1_42' title='bbox 556 1173 665 1243; x_wconf 84' lang='lat' dir='ltr'>mutis,</span> <span class='ocrx_word' id='word_1_43' title='bbox 680 1173 761 1233; x_wconf 86' lang='lat' dir='ltr'>avida</span> <span class='ocrx_word' id='word_1_44' title='bbox 771 1170 960 1254; x_wconf 85' lang='lat' dir='ltr'>cognoscendi</span> <span class='ocrx_word' id='word_1_45' title='bbox 969 1187 1081 1231; x_wconf 87' lang='lat' dir='ltr'>novum</span> 
     </span>
     <span class='ocr_line' id='line_1_9' title="bbox 412 1249 1081 1333; baseline -0.009 -20"><span class='ocrx_word' id='word_1_46' title='bbox 412 1269 511 1333; x_wconf 85' lang='lat' dir='ltr'>regem</span> <span class='ocrx_word' id='word_1_47' title='bbox 531 1272 540 1310; x_wconf 77' lang='grc' dir='ltr'><strong>ε</strong></span> <span class='ocrx_word' id='word_1_48' title='bbox 559 1252 653 1331; x_wconf 86' lang='lat' dir='ltr'>plures</span> <span class='ocrx_word' id='word_1_49' title='bbox 666 1252 781 1313; x_wconf 90' lang='lat' dir='ltr'>obviam</span> <span class='ocrx_word' id='word_1_50' title='bbox 796 1251 897 1333; x_wconf 76' lang='lat' dir='ltr'><strong><em>egressi</em></strong></span> <span class='ocrx_word' id='word_1_51' title='bbox 910 1266 983 1312; x_wconf 90' lang='lat' dir='ltr'>sunt.</span> <span class='ocrx_word' id='word_1_52' title='bbox 1002 1249 1081 1309; x_wconf 82' lang='lat' dir='ltr'>Inter</span> 
     </span>
     <span class='ocr_line' id='line_1_10' title="bbox 403 1328 1081 1411; baseline -0.004 -20"><span class='ocrx_word' id='word_1_53' title='bbox 403 1345 485 1409; x_wconf 66' lang='lat' dir='ltr'>&#39;quos</span> <span class='ocrx_word' id='word_1_54' title='bbox 503 1328 688 1411; x_wconf 83' lang='lat' dir='ltr'>Bagophanes</span> <span class='ocrx_word' id='word_1_55' title='bbox 712 1330 783 1391; x_wconf 89' lang='lat' dir='ltr'>arcis</span> <span class='ocrx_word' id='word_1_56' title='bbox 804 1349 833 1391; x_wconf 87' lang='lat' dir='ltr'>et</span> <span class='ocrx_word' id='word_1_57' title='bbox 852 1329 934 1409; x_wconf 81' lang='lat' dir='ltr'>regia</span> <span class='ocrx_word' id='word_1_58' title='bbox 954 1328 1081 1406; x_wconf 82' lang='lat' dir='ltr'>pecuniae</span> 
     </span>
     <span class='ocr_line' id='line_1_11' title="bbox 412 1409 1081 1477; baseline -0.007 -6"><span class='ocrx_word' id='word_1_59' title='bbox 412 1426 524 1477; x_wconf 86' lang='lat' dir='ltr'>custos,</span> <span class='ocrx_word' id='word_1_60' title='bbox 541 1428 578 1467; x_wconf 90' lang='lat' dir='ltr'>ne</span> <span class='ocrx_word' id='word_1_61' title='bbox 588 1409 679 1469; x_wconf 86' lang='lat' dir='ltr'>studio</span> <span class='ocrx_word' id='word_1_62' title='bbox 691 1431 708 1470; x_wconf 87' lang='lat' dir='ltr'>a</span> <span class='ocrx_word' id='word_1_63' title='bbox 719 1409 829 1471; x_wconf 83' lang='lat' dir='ltr'>Mazaeo</span> <span class='ocrx_word' id='word_1_64' title='bbox 840 1410 1015 1475; x_wconf 86' lang='lat' dir='ltr'>vinceretur,</span> <span class='ocrx_word' id='word_1_65' title='bbox 1033 1424 1081 1467; x_wconf 91' lang='lat' dir='ltr'>to·</span> 
     </span>
     <span class='ocr_line' id='line_1_12' title="bbox 408 1487 1080 1566; baseline -0.006 -18"><span class='ocrx_word' id='word_1_66' title='bbox 408 1505 475 1548; x_wconf 83' lang='lat' dir='ltr'>tunt</span> <span class='ocrx_word' id='word_1_67' title='bbox 487 1487 541 1547; x_wconf 90' lang='lat' dir='ltr'>iter</span> <span class='ocrx_word' id='word_1_68' title='bbox 555 1487 671 1548; x_wconf 87' lang='lat' dir='ltr'>floribus</span> <span class='ocrx_word' id='word_1_69' title='bbox 680 1490 849 1566; x_wconf 88' lang='lat' dir='ltr'>coronisque</span> <span class='ocrx_word' id='word_1_70' title='bbox 863 1503 1054 1549; x_wconf 79' lang='lat' dir='ltr'>constraverat</span> <span class='ocrx_word' id='word_1_71' title='bbox 1068 1505 1080 1558; x_wconf 89' lang='lat'>;</span> 
     </span>
     <span class='ocr_line' id='line_1_13' title="bbox 409 1564 1079 1647; baseline -0.006 -20"><span class='ocrx_word' id='word_1_72' title='bbox 409 1567 552 1647; x_wconf 84' lang='lat' dir='ltr'>argenteis</span> <span class='ocrx_word' id='word_1_73' title='bbox 561 1567 818 1645; x_wconf 85' lang='lat' dir='ltr'>altaribusutroque</span> <span class='ocrx_word' id='word_1_74' title='bbox 828 1570 915 1628; x_wconf 90' lang='lat' dir='ltr'>latere</span> <span class='ocrx_word' id='word_1_75' title='bbox 923 1564 1079 1643; x_wconf 89' lang='lat' dir='ltr'>dispositis,</span> 
     </span>
     <span class='ocr_line' id='line_1_14' title="bbox 412 1645 1081 1724; baseline -0.007 -17"><span class='ocrx_word' id='word_1_76' title='bbox 412 1667 474 1724; x_wconf 80' lang='lat' dir='ltr'>quac</span> <span class='ocrx_word' id='word_1_77' title='bbox 486 1666 544 1714; x_wconf 87' lang='lat' dir='ltr'>non</span> <span class='ocrx_word' id='word_1_78' title='bbox 555 1662 616 1707; x_wconf 90' lang='lat' dir='ltr'>ture</span> <span class='ocrx_word' id='word_1_79' title='bbox 627 1646 733 1717; x_wconf 88' lang='lat' dir='ltr'>modo,</span> <span class='ocrx_word' id='word_1_80' title='bbox 748 1647 794 1708; x_wconf 89' lang='lat' dir='ltr'>sed</span> <span class='ocrx_word' id='word_1_81' title='bbox 806 1648 938 1708; x_wconf 86' lang='lat' dir='ltr'>omnibus</span> <span class='ocrx_word' id='word_1_82' title='bbox 947 1645 1081 1706; x_wconf 89' lang='lat' dir='ltr'>odoribus</span> 
     </span>
     <span class='ocr_line' id='line_1_15' title="bbox 401 1724 1081 1806; baseline -0.01 -18"><span class='ocrx_word' id='word_1_83' title='bbox 401 1725 622 1788; x_wconf 67' lang='lat' dir='ltr'>&#39;cumulaverat&#39;</span> <span class='ocrx_word' id='word_1_84' title='bbox 630 1724 705 1787; x_wconf 85' lang='lat' dir='ltr'>Eum</span> <span class='ocrx_word' id='word_1_85' title='bbox 717 1725 792 1787; x_wconf 87' lang='lat' dir='ltr'>dona</span> <span class='ocrx_word' id='word_1_86' title='bbox 801 1727 1002 1806; x_wconf 86' lang='lat' dir='ltr'>sequebantur,</span> <span class='ocrx_word' id='word_1_87' title='bbox 1015 1742 1081 1803; x_wconf 84' lang='lat' dir='ltr'>gre·</span> 
     </span>
     <span class='ocr_line' id='line_1_16' title="bbox 407 1806 1081 1885; baseline -0.001 -23"><span class='ocrx_word' id='word_1_88' title='bbox 407 1822 464 1885; x_wconf 75' lang='lat' dir='ltr'>&#39;ges</span> <span class='ocrx_word' id='word_1_89' title='bbox 475 1823 611 1880; x_wconf 86' lang='lat' dir='ltr'>pecorum</span> <span class='ocrx_word' id='word_1_90' title='bbox 621 1806 815 1883; x_wconf 86' lang='lat' dir='ltr'>equorumque</span> <span class='ocrx_word' id='word_1_91' title='bbox 826 1841 836 1875; x_wconf 84' lang='lat'>‚</span> <span class='ocrx_word' id='word_1_92' title='bbox 858 1807 955 1866; x_wconf 87' lang='lat' dir='ltr'>leones</span> <span class='ocrx_word' id='word_1_93' title='bbox 966 1820 1081 1882; x_wconf 87' lang='lat' dir='ltr'>quoque</span> 
     </span>
     <span class='ocr_line' id='line_1_17' title="bbox 399 1880 1082 1963; baseline 0 -22"><span class='ocrx_word' id='word_1_94' title='bbox 399 1897 445 1942; x_wconf 79' lang='lat' dir='ltr'>&#39;et</span> <span class='ocrx_word' id='word_1_95' title='bbox 471 1883 596 1960; x_wconf 89' lang='lat' dir='ltr'>pardales</span> <span class='ocrx_word' id='word_1_96' title='bbox 625 1883 719 1946; x_wconf 81' lang='lat' dir='ltr'>caveis</span> <span class='ocrx_word' id='word_1_97' title='bbox 743 1885 967 1962; x_wconf 69' lang='lat' dir='ltr'>praeferebantur.</span> <span class='ocrx_word' id='word_1_98' title='bbox 998 1880 1082 1963; x_wconf 86' lang='lat' dir='ltr'>Magi</span> 
     </span>
     <span class='ocr_line' id='line_1_18' title="bbox 402 1960 1079 2042; baseline 0.001 -23"><span class='ocrx_word' id='word_1_99' title='bbox 402 1960 515 2021; x_wconf 85' lang='lat' dir='ltr'>¹deinde</span> <span class='ocrx_word' id='word_1_100' title='bbox 525 1983 577 2023; x_wconf 85' lang='lat' dir='ltr'>suo</span> <span class='ocrx_word' id='word_1_101' title='bbox 587 1963 798 2042; x_wconf 73' lang='lat' dir='ltr'>moropatriurn</span> <span class='ocrx_word' id='word_1_102' title='bbox 809 1963 924 2026; x_wconf 82' lang='lat' dir='ltr'>caurien</span> <span class='ocrx_word' id='word_1_103' title='bbox 935 1980 1079 2024; x_wconf 89' lang='lat' dir='ltr'>canentes.</span> 
     </span>
     <span class='ocr_line' id='line_1_19' title="bbox 399 2038 1081 2121; baseline 0 -22"><span class='ocrx_word' id='word_1_104' title='bbox 399 2038 483 2100; x_wconf 67' lang='lat' dir='ltr'>&#39;Post</span> <span class='ocrx_word' id='word_1_105' title='bbox 498 2039 549 2101; x_wconf 89' lang='lat' dir='ltr'>bos</span> <span class='ocrx_word' id='word_1_106' title='bbox 565 2040 710 2111; x_wconf 76' lang='lat' dir='ltr'>Chaldaei,</span> <span class='ocrx_word' id='word_1_107' title='bbox 725 2043 1002 2121; x_wconf 82' lang='lat' dir='ltr'>Babyloniorumque</span> <span class='ocrx_word' id='word_1_108' title='bbox 1019 2058 1081 2100; x_wconf 88' lang='lat' dir='ltr'>non</span> 
     </span>
     <span class='ocr_line' id='line_1_20' title="bbox 403 2119 1080 2190; baseline -0.001 -10"><span class='ocrx_word' id='word_1_109' title='bbox 403 2127 409 2156; x_wconf 89' lang='lat'>·&#39;</span> <span class='ocrx_word' id='word_1_110' title='bbox 414 2137 492 2180; x_wconf 84' lang='lat' dir='ltr'>vates</span> <span class='ocrx_word' id='word_1_111' title='bbox 503 2119 611 2190; x_wconf 84' lang='lat' dir='ltr'>modo,</span> <span class='ocrx_word' id='word_1_112' title='bbox 634 2122 681 2183; x_wconf 87' lang='lat' dir='ltr'>sed</span> <span class='ocrx_word' id='word_1_113' title='bbox 698 2121 784 2182; x_wconf 89' lang='lat' dir='ltr'>etiam</span> <span class='ocrx_word' id='word_1_114' title='bbox 800 2122 918 2183; x_wconf 88' lang='lat' dir='ltr'>artifices</span> <span class='ocrx_word' id='word_1_115' title='bbox 932 2143 999 2182; x_wconf 90' lang='lat' dir='ltr'>cum</span> <span class='ocrx_word' id='word_1_116' title='bbox 1014 2120 1080 2180; x_wconf 88' lang='lat' dir='ltr'>fidi·</span> 
     </span>
     <span class='ocr_line' id='line_1_21' title="bbox 399 2196 1082 2281; baseline 0.004 -24"><span class='ocrx_word' id='word_1_117' title='bbox 399 2196 466 2258; x_wconf 85' lang='lat' dir='ltr'>‘bus</span> <span class='ocrx_word' id='word_1_118' title='bbox 479 2197 520 2260; x_wconf 92' lang='lat' dir='ltr'>sui</span> <span class='ocrx_word' id='word_1_119' title='bbox 534 2201 644 2279; x_wconf 79' lang='lat' dir='ltr'>generis</span> <span class='ocrx_word' id='word_1_120' title='bbox 661 2200 748 2263; x_wconf 85' lang='lat' dir='ltr'>ibant.</span> <span class='ocrx_word' id='word_1_121' title='bbox 761 2199 869 2263; x_wconf 86' lang='lat' dir='ltr'>Laudes</span> <span class='ocrx_word' id='word_1_122' title='bbox 885 2202 905 2260; x_wconf 93' lang='lat' dir='ltr'>ii</span> <span class='ocrx_word' id='word_1_123' title='bbox 919 2220 1018 2281; x_wconf 83' lang='lat' dir='ltr'>regum</span> <span class='ocrx_word' id='word_1_124' title='bbox 1033 2221 1082 2260; x_wconf 87' lang='lat' dir='ltr'>ca·</span> 
     </span>
    </p>

    <p class='ocr_par' dir='ltr' id='par_1_3' title="bbox 399 2276 1081 2437">
     <span class='ocr_line' id='line_1_22' title="bbox 399 2276 1081 2341; baseline 0.001 -4"><span class='ocrx_word' id='word_1_125' title='bbox 399 2286 402 2291; x_wconf 83' lang='lat'>&#39;</span> <span class='ocrx_word' id='word_1_126' title='bbox 414 2295 483 2339; x_wconf 83' lang='lat' dir='ltr'>uere</span> <span class='ocrx_word' id='word_1_127' title='bbox 494 2279 571 2339; x_wconf 90' lang='lat' dir='ltr'>soliti</span> <span class='ocrx_word' id='word_1_128' title='bbox 579 2303 588 2340; x_wconf 80' lang='lat' dir='ltr'>r</span> <span class='ocrx_word' id='word_1_129' title='bbox 597 2276 723 2341; x_wconf 84' lang='lat' dir='ltr'>Chaldaei</span> <span class='ocrx_word' id='word_1_130' title='bbox 730 2280 848 2341; x_wconf 88' lang='lat' dir='ltr'>siderum</span> <span class='ocrx_word' id='word_1_131' title='bbox 857 2297 951 2341; x_wconf 89' lang='lat' dir='ltr'>motus</span> <span class='ocrx_word' id='word_1_132' title='bbox 959 2295 987 2340; x_wconf 86' lang='lat' dir='ltr'>et</span> <span class='ocrx_word' id='word_1_133' title='bbox 996 2295 1081 2339; x_wconf 86' lang='lat' dir='ltr'>statas</span> 
     </span>
     <span class='ocr_line' id='line_1_23' title="bbox 414 2358 1079 2437; baseline 0.002 -20"><span class='ocrx_word' id='word_1_134' title='bbox 414 2374 577 2435; x_wconf 87' lang='lat' dir='ltr'>temporum</span> <span class='ocrx_word' id='word_1_135' title='bbox 589 2360 668 2423; x_wconf 85' lang='lat' dir='ltr'>vices</span> <span class='ocrx_word' id='word_1_136' title='bbox 679 2359 834 2421; x_wconf 79' lang='lat' dir='ltr'>ostendere.</span> <span class='ocrx_word' id='word_1_137' title='bbox 851 2359 964 2437; x_wconf 84' lang='lat' dir='ltr'>Equites</span> <span class='ocrx_word' id='word_1_138' title='bbox 978 2358 1079 2418; x_wconf 89' lang='lat' dir='ltr'>deinde</span> 
     </span>
    </p>

    <p class='ocr_par' dir='ltr' id='par_1_4' title="bbox 334 2434 1080 2673">
     <span class='ocr_line' id='line_1_24' title="bbox 334 2434 1080 2517; baseline 0.003 -22"><span class='ocrx_word' id='word_1_139' title='bbox 334 2514 336 2517; x_wconf 22' lang='grc' dir='ltr'>Ι</span> <span class='ocrx_word' id='word_1_140' title='bbox 379 2434 586 2513; x_wconf 85' lang='lat' dir='ltr'>··Babylonii,</span> <span class='ocrx_word' id='word_1_141' title='bbox 610 2460 662 2500; x_wconf 86' lang='lat' dir='ltr'>suo</span> <span class='ocrx_word' id='word_1_142' title='bbox 684 2456 768 2517; x_wconf 85' lang='lat' dir='ltr'>atque</span> <span class='ocrx_word' id='word_1_143' title='bbox 785 2459 923 2517; x_wconf 90' lang='lat' dir='ltr'>equorum</span> <span class='ocrx_word' id='word_1_144' title='bbox 944 2438 1022 2500; x_wconf 88' lang='lat' dir='ltr'>cultu</span> <span class='ocrx_word' id='word_1_145' title='bbox 1043 2437 1080 2497; x_wconf 88' lang='lat' dir='ltr'>ad</span> 
     </span>
     <span class='ocr_line' id='line_1_25' title="bbox 413 2513 1080 2600; baseline 0.003 -26"><span class='ocrx_word' id='word_1_146' title='bbox 413 2513 556 2577; x_wconf 87' lang='lat' dir='ltr'>luxuriam</span> <span class='ocrx_word' id='word_1_147' title='bbox 570 2518 681 2600; x_wconf 83' lang='lat' dir='ltr'>tnagis,</span> <span class='ocrx_word' id='word_1_148' title='bbox 698 2538 783 2595; x_wconf 88' lang='lat' dir='ltr'>quam</span> <span class='ocrx_word' id='word_1_149' title='bbox 793 2518 828 2579; x_wconf 89' lang='lat' dir='ltr'>ad</span> <span class='ocrx_word' id='word_1_150' title='bbox 837 2515 1080 2599; x_wconf 84' lang='lat' dir='ltr'>magnificentiam</span> 
     </span>
     <span class='ocr_line' id='line_1_26' title="bbox 406 2596 1079 2673; baseline 0.001 -18"><span class='ocrx_word' id='word_1_151' title='bbox 406 2612 538 2665; x_wconf 79' lang='lat' dir='ltr'>exacto,</span> <span class='ocrx_word' id='word_1_152' title='bbox 554 2597 649 2658; x_wconf 85' lang='lat' dir='ltr'>ultimi</span> <span class='ocrx_word' id='word_1_153' title='bbox 660 2597 748 2659; x_wconf 89' lang='lat' dir='ltr'>ibant.</span> <span class='ocrx_word' id='word_1_154' title='bbox 763 2597 847 2667; x_wconf 83' lang='lat' dir='ltr'>Rex,</span> <span class='ocrx_word' id='word_1_155' title='bbox 865 2597 978 2657; x_wconf 87' lang='lat' dir='ltr'>armatis</span> <span class='ocrx_word' id='word_1_156' title='bbox 991 2596 1079 2673; x_wconf 89' lang='lat' dir='ltr'>stipa-</span> 
     </span>
    </p>

    <p class='ocr_par' dir='ltr' id='par_1_5' title="bbox 378 2673 1080 2848">
     <span class='ocr_line' id='line_1_27' title="bbox 378 2673 1080 2762; baseline 0.001 -29"><span class='ocrx_word' id='word_1_157' title='bbox 378 2675 379 2678; x_wconf 70' lang='grc'>’</span> <span class='ocrx_word' id='word_1_158' title='bbox 413 2689 480 2762; x_wconf 80' lang='lat' dir='ltr'>tus,</span> <span class='ocrx_word' id='word_1_159' title='bbox 499 2673 690 2754; x_wconf 80' lang='lat' dir='ltr'>oppidanorum</span> <span class='ocrx_word' id='word_1_160' title='bbox 705 2673 813 2736; x_wconf 86' lang='lat' dir='ltr'>turbant</span> <span class='ocrx_word' id='word_1_161' title='bbox 825 2692 888 2756; x_wconf 84' lang='lat' dir='ltr'>post</span> <span class='ocrx_word' id='word_1_162' title='bbox 900 2673 1010 2735; x_wconf 83' lang='lat' dir='ltr'>ultimos</span> <span class='ocrx_word' id='word_1_163' title='bbox 1024 2694 1080 2755; x_wconf 84' lang='lat' dir='ltr'>pe·</span> 
     </span>
     <span class='ocr_line' id='line_1_28' title="bbox 402 2749 1080 2848; baseline 0.004 -37"><span class='ocrx_word' id='word_1_164' title='bbox 402 2749 491 2812; x_wconf 72' lang='lat' dir='ltr'>&#39;dites</span> <span class='ocrx_word' id='word_1_165' title='bbox 505 2753 546 2812; x_wconf 85' lang='lat' dir='ltr'>ire</span> <span class='ocrx_word' id='word_1_166' title='bbox 558 2755 636 2846; x_wconf 79' lang='lat' dir='ltr'>jussit</span> <span class='ocrx_word' id='word_1_167' title='bbox 645 2779 659 2848; x_wconf 72' lang='grc' dir='ltr'>εΙ</span> <span class='ocrx_word' id='word_1_168' title='bbox 665 2756 724 2834; x_wconf 82' lang='lat' dir='ltr'>ipse</span> <span class='ocrx_word' id='word_1_169' title='bbox 739 2776 804 2816; x_wconf 88' lang='lat' dir='ltr'>cum</span> <span class='ocrx_word' id='word_1_170' title='bbox 817 2759 1027 2823; x_wconf 71' lang='lat' dir='ltr'>succumbent,</span> <span class='ocrx_word' id='word_1_171' title='bbox 1044 2772 1080 2814; x_wconf 85' lang='lat' dir='ltr'>ae</span> 
     </span>
    </p>
   </div>
   <div class='ocr_carea' id='block_1_3' title="bbox 380 2830 1079 2974">
    <p class='ocr_par' dir='ltr' id='par_1_6' title="bbox 380 2830 1079 2974">
     <span class='ocr_line' id='line_1_29' title="bbox 380 2830 1079 2974; baseline 0 -84"><span class='ocrx_word' id='word_1_172' title='bbox 380 2862 382 2866; x_wconf 94' lang='lat'>·</span> <span class='ocrx_word' id='word_1_173' title='bbox 407 2830 515 2906; x_wconf 48' lang='lat' dir='ltr'>*deinde</span> <span class='ocrx_word' id='word_1_174' title='bbox 529 2852 637 2974; x_wconf 54' lang='lat' dir='ltr'>regiam</span> <span class='ocrx_word' id='word_1_175' title='bbox 649 2834 774 2897; x_wconf 87' lang='lat' dir='ltr'>rntravit.</span> <span class='ocrx_word' id='word_1_176' title='bbox 787 2834 903 2895; x_wconf 86' lang='lat' dir='ltr'>Postero</span> <span class='ocrx_word' id='word_1_177' title='bbox 917 2833 964 2894; x_wconf 88' lang='lat' dir='ltr'>die</span> <span class='ocrx_word' id='word_1_178' title='bbox 980 2832 1079 2910; x_wconf 84' lang='lat' dir='ltr'>supel-</span> 
     </span>
    </p>
   </div>
   <div class='ocr_carea' id='block_1_4' title="bbox 380 2910 1085 3156">
    <p class='ocr_par' dir='ltr' id='par_1_7' title="bbox 380 2910 1085 3156">
     <span class='ocr_line' id='line_1_30' title="bbox 402 2910 1079 2991; baseline -0.003 -20"><span class='ocrx_word' id='word_1_179' title='bbox 402 2910 543 2972; x_wconf 80' lang='lat' dir='ltr'>‘le&#39;ctilem</span> <span class='ocrx_word' id='word_1_180' title='bbox 584 2914 656 2984; x_wconf 89' lang='lat' dir='ltr'>arii,</span> <span class='ocrx_word' id='word_1_181' title='bbox 673 2932 701 2975; x_wconf 86' lang='lat' dir='ltr'>et</span> <span class='ocrx_word' id='word_1_182' title='bbox 711 2933 828 2975; x_wconf 90' lang='lat' dir='ltr'>omnem</span> <span class='ocrx_word' id='word_1_183' title='bbox 839 2913 987 2991; x_wconf 87' lang='lat' dir='ltr'>pecuniam</span> <span class='ocrx_word' id='word_1_184' title='bbox 997 2930 1079 2970; x_wconf 89' lang='lat' dir='ltr'>reco-</span> 
     </span>
     <span class='ocr_line' id='line_1_31' title="bbox 380 2989 1080 3089; baseline -0.016 -29"><span class='ocrx_word' id='word_1_185' title='bbox 380 3075 382 3077; x_wconf 11' lang='lat' dir='ltr'>q</span> <span class='ocrx_word' id='word_1_186' title='bbox 414 2990 527 3089; x_wconf 70' lang='lat' dir='ltr'>guerit·</span> <span class='ocrx_word' id='word_1_187' title='bbox 540 2992 696 3070; x_wconf 82' lang='lat' dir='ltr'>Ceterum,</span> <span class='ocrx_word' id='word_1_188' title='bbox 715 2992 800 3074; x_wconf 83' lang='lat' dir='ltr'>ipsius</span> <span class='ocrx_word' id='word_1_189' title='bbox 813 2992 887 3056; x_wconf 87' lang='lat' dir='ltr'>urbis</span> <span class='ocrx_word' id='word_1_190' title='bbox 898 2989 1080 3075; x_wconf 75' lang='lat' dir='ltr'>pulchritudo</span> 
     </span>
     <span class='ocr_line' id='line_1_32' title="bbox 1048 3108 1085 3156; baseline 0.081 -3"><span class='ocrx_word' id='word_1_191' title='bbox 1048 3108 1085 3156; x_wconf 65' lang='lat'>28</span> 
     </span>
    </p>
   </div>
   <div class='ocr_carea' id='block_1_5' title="bbox 0 0 1319 4017">
    <p class='ocr_par' dir='ltr' id='par_1_8' title="bbox 0 0 1319 4017">
     <span class='ocr_line' id='line_1_33' title="bbox 0 0 1319 4017; baseline 0 0"><span class='ocrx_word' id='word_1_192' title='bbox 0 0 1319 4017; x_wconf 95' lang='lat' dir='ltr'> </span> 
     </span>
    </p>
   </div>
  </div>
 </body>
</html>
