2625 4017
321 568 401 657 ’με
521 555 566 651 Q.
607 571 883 637 cuu‘rrrx

338 674 416 736 extin
457 672 522 735 itur.
541 694 607 733 xxx
624 674 691 735 hinc
708 676 793 736 stadia
812 694 986 753 processerat
1003 698 1018 757 ς

338 755 407 815 eum
447 752 645 833 hrataphemes
663 755 689 815 ei
709 757 856 823 occurrit,
878 776 964 833 seque
984 777 1014 821 et

338 850 410 901 eos,
430 833 478 911 qui
493 851 557 910 post
571 833 651 893 Darii
667 854 791 894 mortem
806 834 1011 916 profugerant,

337 911 571 991 dedenssquibus
589 913 711 993 benigne
729 914 855 991 exceptis
872 917 906 975 ad
925 918 1012 994 oppi-

337 990 406 1051 dum
425 990 518 1053 Arvas
535 992 676 1069 pervenit.
702 990 759 1052 Hie
781 995 808 1052 ei
828 992 962 1055 Craterus
982 1013 1013 1057 et

337 1068 475 1152 Erygyius
485 1089 646 1131 occurrunt.
660 1070 1013 1150 PraefectumTapurorum

336 1151 429 1241 gentis
445 1149 601 1211 Phradaten
619 1150 799 1211 adduxerant.
819 1150 876 1212 Hic
895 1173 1013 1230 quoque

337 1249 368 1289 m
385 1228 471 1291 fidem
488 1246 615 1308 receptus
627 1228 724 1289 multis
740 1232 875 1308 exemplo
891 1231 944 1291 fuit
956 1252 1011 1297 ex-

337 1307 463 1448 pfriendi
471 1308 653 1370 clementiam
663 1307 746 1387 regis.
756 1308 901 1387 Satrapem
909 1309 1014 1371 deinde

369 1387 488 1465 yrcaniae
513 1386 587 1446 dedit
608 1388 756 1463 Menapim
774 1410 783 1447 ε
803 1387 869 1449 exul
888 1386 937 1449 hie
962 1409 1012 1450 re·

377 1482 441 1547 anne
463 1465 551 1527 Ocho
581 1465 614 1525 ad
638 1464 802 1543 Philippum
831 1484 1015 1545 pervenerat.

334 1566 520 1688 digpumrum
534 1566 648 1625 quoque
661 1565 777 1626 gentem
790 1544 921 1610 Phradati
940 1547 1009 1626 red·

382 1642 415 1687 lt·

375 1699 454 1767 Cur.
470 1702 512 1767 V.
530 1704 652 1784 Jamque
671 1725 720 1765 rex
738 1704 839 1765 ultima
850 1702 1015 1790 'Hyrcaniae

252 1826 254 1830 -
334 1782 510 1853 intrauerat,
532 1805 599 1845 cum
613 1786 771 1844 Artabazus
788 1788 802 1858 (
816 1804 902 1861 quem
915 1784 1013 1844 Dario

333 1859 502 1944 fidissimum
512 1863 594 1924 fuisse
605 1884 687 1942 supra
697 1863 819 1924 diximus
831 1864 845 1935 )
858 1883 925 1923 cum
937 1884 1010 1941 pro·

333 1941 447 2023 pinquis
458 1940 562 2011 Darii,
580 1963 614 2002 ac
634 1944 689 2003 suis
703 1942 817 2012 liberis,
837 1942 1014 2019 modicaque

335 2018 505 2083 Graecorum
524 2021 647 2081 militum
666 2043 754 2082 manu
772 2021 907 2083 occurrit.
923 2022 1010 2082 Dex-

333 2109 408 2162 'tram
419 2100 544 2173 venienti
557 2101 660 2161 obtulit
672 2122 738 2170 rex;
750 2102 851 2179 quippe
862 2119 890 2161 et
903 2098 1013 2178 hospes

332 2178 460 2259 Philippi
471 2179 582 2247 fuerat,
597 2199 666 2241 'cum
683 2178 770 2240 Ocho
783 2198 918 2264 regnante
935 2200 1010 2241 exu-

332 2259 427 2328 laret,
452 2278 481 2321 et
496 2259 610 2336 hospitii
627 2259 747 2340 pignora
763 2259 793 2319 in
808 2278 905 2341 regem
922 2281 1009 2321 suum

333 2338 368 2401 ad
378 2338 513 2400 ultimum
523 2338 591 2399 fides
600 2356 766 2400 conservata
777 2339 919 2399 vincebat.
938 2338 1006 2399 Co·

332 2418 418 2480 miter
429 2416 514 2499 igitur
524 2438 676 2496 exceptus,
695 2415 738 2476 Tu
749 2416 877 2495 quidem,
892 2419 1010 2495 inquit,

331 2514 525 2579 rexperpetua
533 2495 678 2574 felicitare
688 2495 810 2576 floreas.
825 2493 886 2576 Ego
905 2496 1010 2557 ceteris

331 2572 437 2645 letus,
459 2572 509 2637 hoc
531 2596 583 2636 uno
606 2595 753 2655 torqueor,
778 2573 847 2653 quod
866 2572 1010 2657 precipiti

330 2663 490 2724 senectute,
508 2653 621 2731 diufrui
631 2673 678 2714 tua
687 2652 807 2715 bonitate
816 2674 870 2715 non
878 2674 1007 2738 possum.

329 2732 562 2816 Nonagesimum
579 2752 607 2795 et
621 2734 751 2812 quintum
767 2755 873 2795 annum
890 2736 1009 2816 agebat.

329 2810 450 2877 Novem
461 2813 597 2890 juvenes,
612 2813 712 2874 eadem
723 2832 813 2874 matre
822 2812 931 2895 geniti,
948 2834 1005 2890 pa·

328 2905 403 2953 trem
416 2892 645 2955 comitabantur:
660 2890 712 2951 hos
725 2894 881 2954 Artabazus
894 2891 1005 2952 dextrae

325 2970 691 3057 regisadmouit,precatus
699 2987 795 3034 urtam
803 2970 852 3034 diu
861 2970 1006 3045 viverem,
