2625 4017
271 671 274 678 ¹
466 592 491 660 L
512 598 526 661 1
545 597 567 661 B
586 592 610 660 Ε
629 599 673 661 κ’
702 595 745 664 V.
882 603 941 679 231

268 695 438 794 ignosceret.
447 695 502 761 Pto
513 697 669 760 necessario
679 701 712 760 a'c
718 698 867 782 propinquo
877 719 943 775 tuoe

263 791 327 862 gain
342 798 400 839 nott
417 775 495 838 itosi'e
505 798 518 850 ;
527 776 588 839 red
603 778 726 860 supplice
739 797 844 842 tantum
856 780 944 842 vitain

266 855 388 941 precati.
401 853 630 918 Moderationem
646 859 885 938 clementiamque
897 865 944 922 te·=

265 937 313 1019 gis
323 937 335 1008 ‚'
342 943 492 1017 'quae'tunc
504 936 556 997 fuit
570 975 580 1006 ‚
599 937 646 997 vei
656 958 713 998 una
726 936 840 999 haectes
854 941 944 1017 poerit

266 1017 417 1077 ostendere
433 1036 515 1086 ‚non
528 1015 635 1075 Madati
647 1017 736 1077 modo
748 1018 859 1097 ignovit
871 1038 880 1090 3
893 1017 942 1079 sed

266 1115 393 1165 omnes,
414 1113 444 1155 et
463 1094 593 1163 deditos,
615 1111 644 1154 et
664 1097 791 1172 captivos
812 1095 943 1160 libertate

265 1191 354 1254 atque
367 1174 548 1235 immunitate
563 1173 700 1259 donavit:
711 1176 811 1238 urbem
828 1176 944 1255 reliquit

264 1250 407 1318 intactam
417 1277 426 1315 ε
438 1274 522 1335 agros
533 1251 593 1315 sine
604 1252 710 1315 tributo
726 1254 823 1315 colere
835 1256 944 1331 permi²

265 1335 316 1397 'rit-
328 1333 357 1395 A
367 1333 476 1395 victore
485 1332 578 1393 Dario
589 1332 668 1411 plura
679 1352 770 1394 mater
780 1351 840 1394 non
849 1335 943 1413 impe·

265 1417 378 1479 nasset.
387 1412 535 1474 Uxiorum
545 1411 644 1472 deinde
651 1429 767 1494 gentem
777 1415 942 1486 subactamc

264 1487 454 1555 Susianorum
465 1490 597 1569 Satrapiae
607 1492 777 1553 contribuitr
791 1492 942 1573 divisisque

265 1594 337 1635 cum
353 1571 544 1632 Parmenione
562 1570 672 1647 copiis,
692 1571 775 1631 iilum
793 1570 941 1653 campestri

265 1650 369 1736 itinere
380 1648 527 1732 procedere
539 1651 636 1725 juber,
654 1651 714 1729 ipse
725 1670 791 1709 cum
806 1651 941 1728 expedito

265 1732 384 1813 agmine
407 1730 507 1812 jugum
526 1728 670 1789 montium
689 1728 791 1806 cepit,
816 1747 942 1807 quorum

264 1811 437 1891 perpetuum
456 1807 573 1869 dorsum
594 1807 624 1866 in
643 1806 786 1870 Persidem
806 1808 942 1874 excurrite

266 1889 362 1953 Omni
372 1888 427 1950 hac
439 1888 556 1970 regione
566 1905 693 1959 vastata,
715 1890 800 1949 tertio
812 1888 856 1949 die
869 1885 941 1950 Per2

264 1970 356 2030 sidem
369 1992 379 2043 3
393 1968 493 2047 quinto
505 1967 666 2048 angustias,
686 1990 754 2047 quas
764 1970 807 2032 illi
819 1965 941 2030 Susidae

264 2043 354 2131 Pylas
362 2046 587 2127 vocant,inttat.
597 2047 805 2111 Ariobarzanes
814 2048 864 2110 has
872 2065 940 2112 cum

264 2133 333 2191 xxv
348 2126 473 2189 millibus
483 2126 609 2203 peditum
630 2148 818 2207 occupaverat
828 2149 910 2207 rupes
924 2131 937 2198 ',

265 2208 418 2275 abscissas,
428 2223 458 2266 et
466 2206 588 2285 undique
598 2227 765 2287 praeruptas,
778 2209 808 2268 in
819 2227 940 2287 quarunt

266 2287 462 2348 cacuminibus
476 2304 554 2347 extra
566 2287 615 2346 teli
632 2286 738 2363 jactum
756 2288 865 2349 barbari
878 2305 937 2349 sta·

266 2367 336 2427 bant
351 2366 420 2440 ,fide
439 2364 573 2425 industria
593 2363 703 2443 quieti,
725 2382 754 2425 et
773 2366 941 2445 paventibus

265 2446 374 2507 similes
386 2467 396 2519 ς
416 2444 508 2526 donec
522 2446 551 2505 in
562 2444 730 2506 arctissimas
743 2444 837 2507 fauces
849 2463 939 2525 pette-¹

264 2542 352 2587 tratet
365 2544 481 2663 agmen.
497 2524 586 2604 Quod
598 2524 647 2586 uhi
662 2542 808 2585 contemtu
820 2526 862 2587 sui
894 2544 941 2604 er·

265 2624 333 2687 gere
341 2605 371 2667 vi
390 2620 525 2679 ent3tum
533 2625 602 2685 veto
609 2602 730 2685 ingentis
738 2548 942 2685 magnimiitiii

266 2705 336 2746 saxa
352 2701 404 2762 pet
418 2686 561 2747 montium
577 2704 667 2761 prona
681 2681 859 2746 devolvunt:
876 2695 939 2763 qne

265 2755 377 2824 incussa
394 2763 491 2841 saepius
502 2762 707 2843 subjacentibus
724 2764 810 2842 pettit
825 2763 941 2845 major&

264 2845 295 2905 vi
316 2842 499 2912 incidebant,
526 2864 580 2904 nec
601 2843 728 2923 singulos
746 2843 835 2903 modo
850 2845 870 2912 ,'
887 2839 937 2906 sei

263 2923 381 3001 agmina
391 2924 581 2999 proterebant.
591 2921 696 2983 Fundis
704 2942 816 3002 quoque
827 2919 937 2996 excussi

264 3002 372 3081 lapides
397 3018 426 3063 et
450 3000 561 3083 sagitte*
578 3001 779 3085 ingerebantur
797 3002 937 3087 undiquee
