2625 4017
402 526 458 607 „a
579 520 623 601 Q.
663 520 907 586 cuurrr

393 625 513 703 ¹ejusque
526 624 660 700 superbia
676 623 749 683 haud
764 623 909 688 immerito
926 621 1073 697 illudens,

394 700 519 784 pennas,
529 703 583 771 ait,
596 699 1074 770 laberemilitesAlexandrinis-

396 804 451 861 que
469 804 485 842 e
502 783 695 842 Macedonum
714 783 808 840 castris
824 782 971 862 signorum
995 806 1071 843 con·

397 880 493 922 centus
511 881 539 922 et
555 864 639 921 totius
652 862 790 921 exercitus
806 861 918 920 clamor
934 863 1072 924 audieba-

395 959 452 1003 tur.
475 942 517 1001 Ea
538 961 580 1001 res
600 944 671 1001 sicut
695 942 827 1018 pleraque
849 941 919 1001 belli
941 963 1018 1003 vana
1041 960 1071 1005 et

394 1022 490 1084 inania
526 1024 657 1081 barbaros
693 1019 728 1087 ad
762 1020 937 1080 deditionem
968 1023 1069 1081 traxit.

395 1099 512 1180 Quippe
524 1100 654 1177 occupati
664 1118 742 1159 metu
750 1139 760 1168 ‚
768 1101 942 1176 paucitatem
951 1122 1068 1172 eorum,

395 1181 443 1258 qui
461 1204 476 1241 a
488 1199 568 1259 tergo
584 1198 684 1247 erant,
701 1179 835 1238 aestimare
848 1200 908 1238 non
920 1199 1068 1255 poterant.

394 1259 492 1338 ltaque
509 1259 630 1336 Cophan
644 1264 658 1334 (
670 1280 737 1317 nam
754 1257 925 1335 trepidantes
940 1261 1068 1336 relique-

393 1360 437 1400 rat
458 1342 472 1410 )
494 1358 605 1399 strenue
624 1357 782 1411 revocant3
805 1354 834 1397 et
855 1358 922 1398 cum
941 1359 978 1399 eo
1000 1358 1068 1401 xxx

391 1418 532 1497 principes
551 1419 685 1484 mittunt,
705 1418 752 1494 qui
765 1435 874 1494 petram
884 1417 1018 1488 tradant,
1038 1435 1069 1479 et

392 1515 423 1557 ut
446 1494 626 1557 incolumibus
647 1495 723 1555 abire
743 1494 854 1565 liceat,
875 1499 1069 1573 paciscamur.

391 1577 448 1637 llle
457 1597 618 1654 quanquam
627 1578 795 1645 verebatur,
807 1595 843 1633 ne
855 1597 1010 1655 conspecta
1022 1578 1068 1655 ju·

390 1677 498 1719 venum
514 1657 655 1734 paucitate
673 1656 850 1715 deturbarent
860 1677 910 1716 eos
930 1657 1067 1730 barbaria

391 1752 488 1797 tamen
502 1756 529 1795 et
540 1737 658 1795 fortunae
668 1757 722 1795 suas
734 1734 856 1794 confisus
867 1777 878 1804 ,
890 1754 919 1795 et
932 1736 1067 1798 Arimazi

390 1817 525 1893 superbia
544 1816 687 1884 infensus,
709 1811 812 1873 nullum
829 1832 860 1873 se
877 1813 1066 1875 conditionem

391 1892 543 1955 deditionis
574 1895 698 1973 accipere
727 1891 881 1970 respondit.
912 1894 1067 1955 Arimazes

390 1973 541 2051 desperatis
550 1974 740 2053 magisquam
752 1972 864 2049 perditis
873 1976 956 2033 rebus
969 2012 980 2043 ‚
994 1996 1066 2035 cum

390 2052 555 2130 propinquis
572 2052 808 2129 nobilissimisque
818 2052 909 2136 gentis
925 2075 981 2113 suae
1000 2055 1066 2114 des·

390 2127 487 2193 cendit
508 2133 537 2192 in
562 2150 650 2192 castra
666 2155 674 2192 ε
689 2153 760 2208 quos
781 2152 882 2192 omnes
899 2130 1065 2193 verberibus

389 2208 505 2291 affectos
523 2209 573 2269 sub
588 2209 657 2291 ipsis
677 2207 816 2271 radicibus
830 2229 915 2291 petrae
935 2211 1066 2271 crucibus

390 2291 470 2370 jussit
481 2287 572 2369 affigi.
592 2290 747 2351 Multitudo
757 2290 948 2352 dedititiorum
959 2291 1065 2353 incolis

389 2390 530 2431 novarum
541 2370 654 2430 urbium
669 2391 736 2430 cum
750 2370 871 2447 pecunia
882 2388 965 2447 capta
981 2372 1064 2433 dono

388 2449 523 2510 dataest:
538 2449 694 2510 Artabazus
706 2450 734 2507 in
753 2470 837 2525 petrae
855 2451 1064 2531 regionisque,

387 2549 450 2614 quat
461 2530 588 2613 apposita
598 2529 727 2600 assessi,
744 2530 832 2590 tutela
845 2532 974 2596 relictus·
