2625 4017
352 558 401 615 ste
437 560 475 625 Q.
511 559 702 614 cuntium
734 558 764 615 1„
789 517 844 615 st.
913 575 944 620 n

251 649 324 707 nihil
343 669 403 703 sune
417 651 571 706 amissuros,
594 667 649 700 nom
666 650 790 716 imperium
806 650 883 700 maris
891 656 948 716 jum

257 727 316 776 tum
327 737 381 771 esse
386 735 455 785 penes
466 718 553 767 Persas
562 735 573 779 ,·
590 732 613 769 et
627 719 702 767 litora
711 718 790 781 focile
800 733 926 781 curaturos
935 751 948 776 ,

294 789 302 837 i
315 784 470 853 pedestribus
483 783 557 849 copiis
568 786 624 850 plus
635 800 739 857 possent.
759 786 864 849 Quoque
873 799 950 846 cxpe-

280 853 347 917 itius
361 851 430 915 quod
445 849 574 899 videbatur
589 850 714 899 obtineret
726 865 734 908 3
748 848 812 901 idem
827 850 869 916 qui
881 866 946 900 con·

256 919 355 976 silium
373 918 475 967 dederat
493 952 501 974 ,
523 918 603 980 exequi
618 916 680 968 illul
692 932 806 982 paruum
824 919 943 968 ostende·

256 989 336 1044 bet,
362 986 536 1050 conscensisque
558 983 660 1033 natibus
681 998 751 1046 quum
770 1002 813 1036 rest
828 988 941 1050 jussisses

259 1053 426 1108 discriminis
430 1054 523 1117 partem
531 1067 656 1125 capessere.
666 1048 944 1103 Confitmsbstutetiant

260 1118 396 1186 augurio,
411 1117 476 1181 qood
486 1113 652 1180 superioribus
667 1114 775 1166 diebus:
788 1131 861 1183 tergo
872 1117 946 1184 tegi·

257 1186 359 1240 classis
380 1183 461 1249 aquila
482 1181 507 1232 in
529 1182 605 1233 litote
628 1182 771 1248 consistens,
784 1184 946 1248 apperuisset·

264 1257 374 1305 conen
394 1249 534 1301 Alexaoder
544 1251 606 1314 fulli
621 1251 802 1303 Parmenionem
822 1267 947 1301 assevere-

261 1322 330 1378 bat,
349 1320 390 1386 qui
401 1335 489 1385 paucus
497 1335 594 1368 suorum
604 1334 676 1368 naues
686 1320 873 1370 tantaelsostium
882 1321 947 1370 mul·

264 1383 401 1443 titudini',
425 1386 585 1453 imperitosque
599 1385 700 1451 remiges
715 1398 739 1435 et
753 1387 824 1436 rudes
840 1387 947 1437 classia-

264 1457 342 1510 rios,
360 1452 565 1505 exercitatissimis
583 1450 732 1508 hominihus,
748 1454 827 1518 reique
838 1452 944 1504 nautica

259 1519 430 1593 peritissimis
447 1517 587 1581 objiciendos
603 1520 710 1568 duceret.
732 1518 761 1570 Se
778 1519 870 1585 qtcilem
886 1520 945 1569 vir·

265 1588 324 1641 tuti
340 1600 440 1638 suorum
455 1602 501 1636 non
509 1585 629 1649 diffidere,
642 1600 746 1636 ceterum
759 1587 820 1636 scire
832 1587 902 1637 illam
914 1586 943 1638 in

266 1652 407 1707 navalibus
412 1652 500 1720 pugnis
506 1653 629 1701 minimum
637 1652 745 1714 conferre
760 1653 791 1701 al
800 1652 946 1704 victoriam·

266 1722 361 1773 Multo
372 1719 433 1773 enim
442 1721 514 1785 plura
522 1734 648 1770 ventorum
655 1718 821 1783 fluctuumque
828 1719 943 1770 ludibriis

257 1786 407 1859 gemini,
427 1801 477 1851 quae
488 1786 676 1853 gubernatorum
689 1800 759 1850 atque
775 1786 892 1852 remigum
904 1803 945 1853 pe·

267 1855 338 1907 ritin
354 1853 445 1903 vitaret
459 1885 466 1908 ,
488 1867 531 1901 aut
545 1853 596 1901 suis
605 1851 718 1919 partibus
730 1866 861 1919 opportuna
876 1853 944 1904 reli·

263 1933 355 1992 geret.
369 1918 421 1970 Nec
432 1920 457 1969 ln
467 1920 571 1984 ipsarum
585 1921 685 1969 navium
694 1919 869 1970 constructione
881 1920 944 1972 nilil

266 2004 315 2040 auc
333 2002 420 2053 parum
433 1987 506 2036 sirum
523 2005 531 2032 .·
546 1987 581 2035 ita
591 1986 747 2038 Macedonum
755 2001 855 2037 conatus
867 2003 945 2038 vanos

261 2057 349 2133 sare,
366 2070 420 2103 cum
437 2070 474 2104 eos
487 2051 584 2102 barbari
599 2055 692 2120 impune
706 2067 748 2102 aut
764 2054 857 2104 eludere
866 2072 877 2116 ;
898 2066 944 2104 aue

265 2137 368 2177 etiarn,
383 2122 405 2170 si
417 2136 486 2170 casus
501 2121 616 2177 claretur,
632 2121 759 2186 opprimere
768 2135 873 2185 possent.
891 2120 947 2171 Ne·
1026 2183 1030 2190 ι

267 2205 316 2257 qve
325 2202 384 2237 vero
393 2186 503 2255 exiguum
512 2187 536 2235 ia
546 2187 714 2238 detrimentum
717 2186 845 2249 futurum.
855 2185 944 2236 Totam

268 2256 365 2309 Asiam
384 2267 534 2303 arrecturam
549 2257 662 2309 animos,
680 2254 701 2303 si
717 2254 783 2304 inter
799 2253 872 2304 initia
885 2252 944 2304 belli

266 2322 354 2375 clades
379 2335 474 2387 accepta
490 2320 569 2384 foret.
590 2322 720 2385 Plerosque
740 2321 882 2371 mortalium
905 2320 944 2370 ita

266 2403 423 2453 comparatos
439 2404 504 2445 esse,
524 2404 551 2437 ut
570 2402 622 2439 eum
643 2403 723 2437 rerum
738 2402 848 2439 eventum
864 2401 947 2451 expec-

268 2456 375 2507 tandum
387 2469 490 2520 putent,
503 2470 568 2516 quem
578 2453 731 2519 estprincipio
743 2469 890 2506 successuum
906 2465 946 2517 spe

270 2539 318 2575 aut
327 2521 463 2586 formidine
471 2534 642 2587 preceptorem·
654 2522 688 2569 Et
701 2535 729 2570 ne
743 2522 770 2570 tle
784 2519 845 2569 Asia
855 2518 948 2569 dubite-

269 2607 348 2645 mus,
364 2584 462 2651 inquit,
477 2588 529 2653 quis
543 2588 601 2636 milti
614 2585 742 2653 prestabit
752 2587 849 2637 Graecos
865 2585 950 2646 infide

269 2673 423 2710 mansuros,
446 2657 467 2705 si
483 2654 631 2718 felicitatem
646 2655 716 2703 illam
732 2654 875 2719 expiravisse
892 2666 949 2702 cre-

271 2727 353 2780 dant,
369 2737 457 2787 quam,
475 2724 496 2771 si
508 2735 592 2770 verum
604 2736 729 2775 amoenus,
748 2736 821 2770 unam
837 2716 947 2769 instabis

269 2804 416 2843 reverentur
432 2789 444 2838 ἑ
464 2789 539 2838 Plane
554 2787 725 2850 adsertionum
742 2803 815 2837 meam
825 2788 946 2853 pertinere

270 2856 403 2912 arbitror,
420 2856 480 2921 quod
490 2856 569 2919 aquila
577 2856 744 2923 poneclassem
754 2868 875 2919 conspecta
885 2867 921 2903 est
936 2884 945 2909 ‚

272 2924 343 2989 idque
356 2922 413 2973 boni
428 2938 549 2973 successus
563 2938 629 2973 amen
641 2921 740 2986 accipio.
755 2920 799 2971 Sed
813 2918 947 2976 ltocmani·

267 2991 338 3058 sesto
349 2991 477 3060 promittit
492 2991 643 3060 augurium,
667 3001 711 3039 nos
727 2989 830 3039 hostium
846 3000 941 3038 navest

797 3055 823 3105 Η
840 3052 859 3119 ij

797 3159 806 3177 0
