2625 4017
323 589 384 662 346
503 580 549 663 Qi
595 581 622 646 C
642 583 676 646 U
695 582 721 644 R
742 579 772 643 Τ
790 582 841 645 11

320 685 474 749 eonsilium
485 705 536 762 par
546 683 734 765 magnitudini
746 683 837 744 animi
849 721 860 753 ,
874 696 990 761 etquatt-

238 822 241 828 .
321 783 382 826 tarn
392 765 440 827 vix
450 780 561 841 poterat
577 784 640 823 aetas
650 763 711 840 ejus
721 775 847 840 capere,
866 763 991 823 solertia:

320 841 991 919 modusimmodicarumcupiditatum5Veueris

316 923 395 983 intra
413 922 541 983 naturale
560 921 727 981 desiderium
749 944 842 990 usus,
866 941 921 981 nec
941 923 992 981 ulla

321 1003 429 1062 nisiex
448 1001 584 1078 permisso
602 1000 758 1077 voluptas3
778 1002 913 1139 ingentes
930 1021 991 1076 pro·

321 1081 495 1141 secto‘dotes
510 1098 598 1140 erant.
610 1079 663 1139 Illa
674 1080 810 1147 fortunae,
851 1080 993 1156 iisaequart
1028 1090 1030 1097 '

320 1179 352 1220 se
364 1200 374 1226 ,
388 1176 417 1219 et
427 1161 553 1219 coelestes
570 1158 693 1218 honores
706 1177 879 1227 accersere,
897 1176 925 1218 et
935 1159 994 1219 talia

321 1239 501 1298 suadentibus
513 1237 633 1297 oraculis
646 1236 762 1297 credere
774 1278 785 1303 ,
804 1256 834 1297 et
846 1238 995 1319 dedignan-

320 1318 396 1377 t'ibus
418 1317 546 1377 venerari
568 1316 661 1390 ipsum
686 1314 893 1378 vehementius
918 1338 995 1394 quam

321 1416 374 1473 par
388 1414 459 1455 esset
468 1396 548 1455 irasci
559 1416 568 1464 ς
585 1396 612 1451 in
623 1406 775 1453 externum
790 1391 928 1456 habitum
940 1415 996 1455 mu·

320 1490 383 1535 tare
397 1474 523 1551 corporis
542 1474 650 1532 cultum
666 1511 677 1541 ‚
699 1472 807 1531 imitari
823 1474 997 1535 devictarum

321 1552 450 1633 gentium
464 1573 578 1620 moresr
593 1572 661 1628 quas
675 1562 740 1611 ante
756 1552 917 1613 victoriam
929 1573 998 1631 spre-

320 1651 413 1693 verat.
430 1632 509 1692 Nam
523 1630 740 1692 iracundiamet
756 1632 929 1707 cupidinem
944 1629 997 1695 vini

322 1712 407 1772 sicuti
423 1712 536 1785 iuventa
550 1711 725 1778 irritaverat,
742 1709 783 1769 ita
797 1729 933 1772 senectus
949 1712 998 1771 mi·

319 1791 411 1870 rigare
421 1791 567 1867 potuisset.
577 1788 736 1849 Fatendum
745 1806 921 1859 esttamen,
936 1810 996 1851 curn

319 1870 475 1947 plurimum
498 1868 593 1930 virtuti
615 1869 764 1934 debuerit,
786 1870 851 1945 plus
875 1869 996 1930 debuisse

317 1947 438 2008 sort'unae
448 1979 460 2014 5
482 1968 568 2023 quam
584 1948 660 2008 solus
677 1948 811 2006 omnium
828 1949 995 2010 mortalium

318 2025 351 2087 in
366 2042 503 2101 potestate
518 2025 626 2086 habuit.¹
637 2024 759 2102 Quoties
770 2026 859 2088 illum
878 2050 896 2087 a
908 2044 997 2087 mortu

320 2105 492 2166 revocavit?
508 2105 617 2181 quoties
628 2124 734 2165 temere
746 2105 777 2163 in
788 2107 920 2180 pericula
932 2101 995 2167 iec-

318 2200 384 2247 tum
394 2202 526 2260 perpetua
536 2184 670 2243 felicitate
680 2184 825 2260 protexit?
838 2185 918 2245 Vitae
930 2206 997 2263 quo·

317 2283 375 2343 que
386 2262 474 2321 finem
488 2262 621 2324 eumdem
636 2263 700 2331 illi,
721 2284 806 2339 quem
822 2265 929 2342 gloriae
944 2282 996 2332 sta·

319 2342 385 2404 tuit.
399 2340 605 2419 Exspectavere
616 2362 683 2402 eum
698 2343 776 2410 fata,
793 2344 864 2402 dum
878 2343 996 2404 Oriente

318 2420 507 2500 perdomito,
530 2421 662 2496 aditoque
686 2420 837 2492 Oceano,
864 2420 996 2499 quidquid

318 2499 479 2561 mortalitas
497 2500 649 2575 capiebat,
674 2500 818 2576 impleret.
838 2498 923 2561 Huic
940 2500 996 2582 regi

318 2577 439 2653 ducique
459 2598 602 2639 successor
618 2583 816 2654 quaerebatur:
833 2580 884 2639 sed
904 2582 994 2657 major

317 2657 413 2719 moles
428 2674 505 2724 erat,
523 2678 608 2732 quam
619 2676 649 2716 ut
660 2679 730 2717 unus
743 2658 836 2716 subire
849 2679 920 2717 eam
931 2681 997 2736 pos·

317 2754 373 2797 set.
387 2736 485 2811 ltaque
497 2756 604 2794 nomen
615 2757 729 2811 quoque
745 2736 806 2811 ejus
818 2738 939 2797 etfama
951 2756 996 2797 re·

312 2834 383 2875 -rum
398 2813 429 2871 in
444 2832 537 2872 totum
552 2815 759 2891 propemodum
775 2819 902 2884 orbem,
919 2837 995 2895 reges

244 2948 247 2953 .
315 2912 353 2952 ac
364 2912 449 2971 regna
459 2890 584 2963 diffudit3
598 2893 800 2970 clarissimique
813 2913 881 2954 sunt
892 2894 994 2962 habiri,

314 2971 366 3125 Epi
384 2970 471 3031 eriam
487 2972 613 3035 minimae
627 2972 701 3054 parti
714 2992 796 3038 unta
806 2973 932 3039 fortune
946 2974 999 3048 ad3

360 3067 467 3117 serunt.
