2625 4017
296 466 338 487 ⁸
399 509 592 592 tinen
630 510 756 578 vrrr.
854 523 913 595 a„

238 613 372 685 videris,
394 612 549 693 quia-latro
566 632 617 683 er,
638 612 721 684 scio,
742 632 790 674 rur
800 614 917 695 produci

238 693 314 762 aedis
333 711 391 769 μετ
404 714 498 755 corarn
513 691 558 753 Iris
574 691 695 783 probra,
716 713 775 772 quae
793 693 871 755 modo
888 695 930 768 irc

240 764 409 855 dejecisti,
422 772 508 842 smodu
519 769 624 833 artdrstr'
636 812 647 842 ,
665 768 744 832 iilius
755 794 857 853 quoque
872 795 918 836 ore

240 849 530 934 referserunQuem,
544 851 571 911 ri
583 849 705 912 Macedo
719 871 813 923 erret,
828 870 919 916 terunt

242 932 463 998 introduxissent
473 952 490 1012 5
518 931 547 991 di
568 930 763 993 rrirsirruunte
782 931 922 1025 discipulo

243 1014 431 1093 magistrum:
444 1033 515 1073 nunc
562 1010 666 1094 iyntirio
682 1031 736 1073 nan
755 1010 828 1072 idern
844 1013 919 1092 ruris

243 1113 300 1158 ert.
322 1093 390 1153 Post
402 1092 461 1152 haec
478 1093 629 1153 consilium
647 1092 774 1160 dimisit,
794 1092 931 1171 tradique,

245 1172 391 1252 damnatos
403 1170 575 1240 horninibus,
593 1171 639 1249 qui
652 1193 688 1232 ex
703 1170 797 1234 eadem
811 1171 921 1233 cohorte

245 1270 348 1322 erant,
362 1252 452 1332 jussit.
463 1252 510 1312 llli
520 1252 643 1312 utfidem
654 1273 735 1326 suam
744 1252 848 1313 saevitia
860 1253 922 1336 regi

246 1334 454 1411 approbarent,
467 1330 644 1395 excruciatos
654 1350 838 1404 necaverunt.
849 1332 922 1393 Cal·

246 1413 381 1487 listhenes
397 1430 510 1489 quoque
523 1430 611 1472 tortus
630 1412 734 1473 interiit
746 1435 754 1472 t
768 1412 830 1474 initi
842 1434 936 1474 cons,

246 1492 304 1553 silii
317 1495 346 1550 in
359 1510 443 1571 caput
454 1492 526 1571 regis
537 1492 671 1553 innoxius
683 1515 692 1564 ;
713 1493 760 1552 sed
772 1491 919 1571 haudqua-

245 1593 334 1650 quam
346 1574 416 1632 aulae
431 1590 459 1631 et
472 1574 673 1631 assentantium
685 1574 921 1635 accommodatus

249 1652 380 1731 idgenio.
406 1652 503 1727 Itaque
530 1652 635 1710 nullius
665 1651 751 1710 caedes
779 1652 922 1729 majorem

247 1732 320 1809 apud
330 1729 920 1801 GrecosAlexandroexcitavitinvidiam,

248 1811 325 1888 quod
335 1810 479 1887 praeditum
492 1811 606 1887 optimis
616 1810 741 1869 moribus
749 1810 922 1887 artibusque,

249 1912 268 1950 a
282 1911 340 1966 quo
351 1908 499 1951 revocatus
509 1891 543 1949 ad
557 1892 732 1966 vitamerat,
751 1910 818 1949 curn
835 1891 926 1950 inter«

249 1970 327 2031 fecto
338 1968 417 2030 Clito
431 1969 506 2028 mori
516 1987 707 2048 perseveraret
718 2012 728 2037 ‚
738 1989 799 2028 non
810 1988 923 2032 tantum

250 2049 403 2119 occiderit,
416 2049 560 2109 sedetiam
572 2050 685 2110 torserit
695 2048 798 2108 indicta
807 2052 923 2125 quidem

249 2150 345 2190 causa.
364 2127 463 2205 Quam
479 2128 673 2195 crudelitatem
686 2147 747 2193 seta
756 2129 924 2203 poenitentia

250 2227 405 2274 consecuta
422 2226 473 2271 est.
537 2228 539 2234 ’

291 2287 368 2346 Cre.
380 2286 436 2347 IX.
450 2286 504 2345 Sed
517 2307 552 2347 ne
564 2283 657 2343 otium
666 2283 788 2343 serendis
799 2284 926 2345 rumori*¹

251 2369 305 2428 bus
318 2385 416 2426 natum
427 2367 515 2426 aleret
526 2407 537 2434 ,
554 2366 584 2423 in
594 2362 704 2422 Indiam
718 2364 832 2436 movit3
851 2385 925 2425 sem-

253 2447 482 2525 petbeiloquam
491 2442 711 2521 postvictoriam
721 2444 835 2509 clarior.
845 2445 925 2506 india
992 2451 994 2455 ’

254 2544 317 2587 tota
339 2526 427 2585 ferme
449 2541 555 2603 spectat
577 2522 730 2594 Orientem
745 2561 765 2591 ‚-
780 2524 873 2584 minus
894 2524 938 2583 in.

253 2606 455 2672 iatitudinem,
472 2626 557 2684 quarn
568 2620 643 2662 recta
658 2602 777 2682 regione
791 2604 927 2680 spatiosa.

257 2684 332 2765 Qua
353 2689 489 2760 Austrum
510 2682 653 2761 accipiunt
665 2721 679 2749 a
698 2683 728 2747 in
747 2684 831 2743 altius
847 2701 926 2744 terrae

255 2764 401 2843 fastigium
426 2765 590 2837 exceduntr
612 2764 697 2840 plana
719 2781 782 2822 sunt
802 2780 896 2826 cetera
914 2800 936 2833 ,.
966 2834 971 2846 ι

257 2847 411 2921 multisque
425 2845 536 2921 inclytis
550 2845 680 2904 amnibus
689 2841 819 2901 Caucaso
829 2858 927 2908 monte

260 2926 328 2998 ortis
347 2926 492 3009 placidum
511 2944 562 3008 pet
583 2944 700 3004 campos
720 2921 774 2981 iter
793 2925 927 2999 prebent.

720 3020 751 3087 0
772 3042 790 3084 o
809 3021 832 3103 ii
