2625 4017
406 537 596 602 LIBER
637 537 760 601 v111.
858 546 917 611 421'

249 639 446 706 Macedonum
457 639 516 701 haec
530 656 590 701 erat
606 639 711 717 culpa,
735 654 824 698 nemo
840 640 920 706 enim

251 720 372 780 illorum
387 719 543 797 quidquam
559 739 597 795 ex
610 717 707 797 'patrio
724 737 805 778 more
823 716 920 779 labare

251 799 402 871 sustinuit3
424 799 470 859 sed
492 795 922 875 Graecorum,i1uiptofessio·r

251 899 320 939 nem
332 877 518 939 honestarum
528 880 631 952 artium
641 879 724 936 malis
738 893 924 954 corruperant

252 960 391 1019 moribus.
400 958 470 1038 Agis
479 956 592 1034 quidam
600 956 723 1038 Argivus
731 953 924 1036 pessimorum]

252 1037 412 1112 carminum
430 1053 494 1114 post
505 1035 663 1096 Choerilum
676 1035 826 1103 conditor,
844 1051 923 1113 erere

251 1115 351 1176 Sicilia
361 1116 436 1177 Cleo
457 1139 466 1177 r
484 1114 530 1175 hie
542 1114 658 1193 quidem
673 1133 734 1174 non
750 1114 857 1193 ingenii
872 1135 923 1194 so,-

253 1185 339 1265 lum,
361 1196 408 1257 sed
426 1196 514 1256 etiam
531 1194 655 1254 nationis
672 1194 744 1253 vitio
764 1194 895 1254 adulator
910 1217 923 1270 ς

254 1292 283 1335 et
294 1293 385 1336 cetera
397 1275 509 1335 urbium
518 1294 630 1335 suarum
640 1290 847 1353 purgamenta,
863 1294 925 1351 que

252 1354 417 1432 propinquis
436 1355 523 1431 etiunp
542 1353 791 1431 marinorumque
809 1353 924 1422 exerci-

254 1451 335 1493 tuum
345 1434 460 1509 ducibus
470 1454 487 1492 a
498 1452 563 1523 rege
573 1431 799 1509 praeferebantur.
808 1428 850 1490 Hi
860 1448 925 1496 turn
955 1433 959 1440 ’

253 1513 360 1574 coelurn
383 1512 427 1572 illi
454 1514 641 1589 aperiebant,
667 1506 866 1588 Herculemque
895 1527 925 1574 et

252 1588 366 1650 Patrem
376 1588 526 1659 Liberum,
544 1608 572 1650 et
582 1609 642 1649 cum
653 1583 767 1647 Polluce
777 1585 925 1666 Cursorem

253 1689 323 1729 noro
335 1668 442 1743 numini
459 1688 585 1744 cessuros
597 1686 658 1728 esse
670 1667 821 1745 jaetabant.
834 1667 926 1749 Igitur

253 1748 326 1816 festo
338 1749 382 1820 die
394 1747 466 1808 omni
478 1745 615 1826 opulentia
625 1744 780 1807 convivium
791 1745 926 1822 exornari

254 1825 333 1905 jubet
344 1850 354 1903 ς
373 1827 419 1888 cui
431 1847 489 1903 non
504 1825 676 1911 Mecedones
687 1825 776 1884 modo
788 1842 818 1886 et
828 1823 926 1890 Graeci

253 1908 394 1985 principes
404 1906 581 1983 amicorum,
596 1903 644 1966 sed
656 1906 744 1964 eriam
755 1903 865 1966 nobiles
876 1905 927 1968 ad·

255 1984 427 2048 biberentur.
446 1981 522 2060 Cum
542 1986 725 2062 quibuscum
744 1982 926 2048 discubuisset

255 2085 306 2124 rex
316 2104 326 2135 ‚
337 2065 478 2143 paulisper
487 2067 614 2141 epulatus
625 2062 761 2141 convivio
771 2064 926 2145 egredinrr.

255 2143 352 2215 Cleo,
369 2145 440 2205 sicut
448 2160 669 2221 preparaverat,
688 2161 850 2202 sermonem
862 2162 925 2210 cuns

255 2222 437 2300 udmirarione
458 2217 567 2299 laudun
586 2220 645 2299 ejus
663 2219 793 2295 instituit.
816 2218 926 2284 Merita

256 2302 355 2363 deinde
369 2299 544 2380 percensuit:
558 2297 652 2377 quibus
665 2318 716 2358 uno
733 2296 810 2358 modo
818 2296 926 2372 referri

252 2382 348 2460 gretia
358 2396 473 2461 posset,
492 2377 519 2442 si
536 2398 613 2458 quern
627 2374 815 2455 intelligerent
830 2374 927 2446 Deuru

257 2480 341 2530 esse,
359 2455 570 2537 conficerentur,
594 2455 697 2544 exigua
713 2455 783 2513 ruris
801 2454 928 2534 impense

257 2557 335 2598 tante
359 2533 493 2616 beneficia
515 2553 670 2617 penserunt.
694 2528 799 2611 Perses
816 2533 929 2616 quident'

256 2638 311 2696 non
326 2616 373 2697 pie
393 2615 501 2687 solum,
519 2613 569 2675 sel
585 2613 669 2691 etiarn
685 2609 831 2692 prudenter
845 2633 929 2696 reges¹

256 2715 322 2772 ruor
343 2695 415 2754 inter
430 2691 511 2755 Deos
532 2690 620 2770 colere
637 2718 648 2754 .·
664 2688 834 2770 rne‘esteteen
851 2692 927 2765 enirn

257 2773 369 2866 imperii
382 2770 483 2833 salutis
495 2792 556 2832 esse
567 2769 691 2851 turrium?
736 2790 765 2830 ec
779 2763 928 2834 Herculem

275 2852 366 2913 uedern
387 2848 551 2911 erponem
570 2848 700 2926 Liberum
717 2847 796 2929 prius
818 2847 928 2914 diceret

241 2875 358 3016 ileos,
379 2951 458 3013 quern
469 2929 603 2993 vicissent
616 2947 709 2991 serurn
721 2926 872 3014 virentium
883 2930 931 3012 inq
