2625 4017
493 552 814 620 LIBERllL
940 582 990 635 ¹55

321 653 410 717 ricula
424 676 520 736 petere
529 678 683 736 crupemnt.
694 658 859 727 Praefectus,
876 661 954 737 quasi
967 680 995 721 et

314 737 383 813 ’ipse
402 738 570 818 conterritus
587 738 741 807 simulans,
767 754 870 798 cuncta
889 755 995 815 pavore

321 819 543 893 compleverat:
554 816 692 883 Jacebnnt
711 818 779 877 totis
798 818 905 895 campis
924 839 994 895 oper

320 895 406 977 regie
416 920 426 956 r
438 896 489 955 illa
503 895 624 973 pecunia
642 897 782 974 stipendio
794 897 901 980 ingenti
913 900 993 958 mili·

318 992 383 1033 tum
404 991 558 1053 praeparata
575 998 584 1034 a
602 974 652 1034 ille
675 976 765 1036 cultus
786 992 830 1036 tot
852 976 992 1037 nobilium

316 1054 450 1114 virorum
461 1075 471 1127 3
489 1067 533 1113 tot
544 1052 695 1115 illustrium
705 1054 875 1114 feminarum
886 1078 897 1116 z
909 1076 992 1116 aurea

319 1151 408 1195 vasa:
422 1132 502 1194 aurei
517 1131 588 1193 freni
599 1156 611 1193 c
622 1133 802 1193 tabernacula
819 1135 908 1213 regali
926 1155 991 1194 ma-

315 1211 485 1291 gnificentia
504 1211 626 1273 ornarat
640 1210 773 1272 vehicula
783 1229 897 1289 quoque
909 1233 924 1271 a
938 1212 994 1272 suit

320 1291 451 1353 destituta
463 1332 472 1362 ‚
491 1289 612 1372 ingentis
624 1291 774 1369 opulentia
785 1291 882 1369 plena.
896 1289 996 1351 facies

316 1370 408 1431 'etiarn
422 1370 608 1450 praedantibur
622 1371 726 1438 tristis,
745 1369 832 1448 siqua
844 1390 888 1431 rer
898 1371 991 1432 avari·

316 1448 389 1509 'tiam
408 1466 581 1512 moraretur.
590 1448 707 1530 Quippe
723 1465 767 1508 tot
783 1467 927 1511 annorum
943 1450 991 1509 in·

316 1528 448 1589 credibili
461 1547 489 1589 et
502 1528 588 1590 fidem
598 1529 751 1590 excedente
762 1528 874 1589 fortuna
892 1550 994 1589 eumu-

316 1608 398 1680 lata,
420 1625 490 1668 tturc
509 1608 563 1668 alia
581 1607 711 1697 stirpibus
724 1608 871 1675 lacerata,
894 1608 948 1668 alia
962 1607 993 1666 in

313 1689 436 1748 cunum
449 1686 575 1747 demersa
586 1687 755 1750 eruebantur
766 1708 778 1747 t
789 1704 848 1746 non
865 1682 989 1747 sufficie·

313 1768 389 1827 bant
409 1765 593 1845 praedantium
615 1763 719 1825 manus'
736 1764 844 1844 praedae.
870 1764 993 1841 Jatnqne

315 1846 408 1905 etiarn
420 1844 455 1905 ad
467 1864 540 1920 eos,
555 1845 603 1922 qui
611 1844 695 1924 primi
706 1843 857 1928 fugerant,
873 1859 992 1904 ventum

318 1939 381 1984 erat
392 1947 403 1985 t
415 1923 529 1998 femine
539 1927 678 2002 pleraeque
689 1943 794 2001 parvos
802 1921 942 1983 trahentes
953 1922 989 1981 li-

315 2006 403 2064 beros
413 2003 512 2072 rbant,
529 2002 603 2064 inter
612 2024 679 2081 quas
690 2020 745 2063 tres
756 2001 835 2061 fuere
845 2000 969 2082 uirgines
981 2038 993 2069 ‚

313 2079 403 2143 Ochi
411 2122 422 2150 ‚
440 2081 488 2160 qui
499 2102 563 2144 ante
572 2081 694 2162 Darium
706 2098 891 2161 regnaverat,
903 2078 988 2147 filiae,

313 2160 394 2240 ‚olim
404 2162 519 2238 quidem
529 2181 564 2238 err
571 2160 685 2240 fastigio
695 2179 813 2238 paterno
823 2179 916 2218 rerum
927 2178 992 2218 nru-

313 2241 430 2301 latione
449 2239 670 2310 detractaetserl
689 2258 751 2300 tum
769 2255 875 2307 sortem
892 2257 990 2297 earum

317 2319 459 2381 crudelius
481 2334 651 2399 aggravante
669 2315 809 2378 ‘fortunat
832 2315 865 2376 In
887 2315 990 2375 eodem

339 2416 405 2480 rege
425 2420 499 2460 uxor
518 2419 631 2477 quoque
652 2398 779 2472 ejusdem
799 2393 878 2456 Ochi
901 2394 952 2453 fuit
978 2434 992 2461 ,

314 2419 511 2555 {lxathrisque
524 2481 538 2552 (
550 2478 635 2537 frater
646 2476 692 2537 hic
714 2493 773 2537 erat
784 2474 889 2545 Darii)
903 2472 961 2532 lilia
979 2512 989 2542 ‚

317 2576 347 2619 et
357 2558 464 2636 conjux
472 2557 608 2628 Artabazi
616 2557 749 2635 principis
758 2572 990 2635 purpuratorum,

316 2654 346 2697 et
358 2636 456 2706 filius,
479 2635 526 2697 cui
539 2632 644 2695 llioneo
660 2636 712 2696 fuit
729 2654 849 2695 nomen.
860 2632 988 2692 Pharna-

315 2715 380 2776 bazi
393 2736 528 2793 quoque,
549 2714 595 2775 cui
607 2736 751 2777 summurn
762 2712 913 2790 imperium
926 2731 990 2768 ma-

314 2794 417 2855 ritimae
439 2815 495 2854 orae
518 2815 569 2853 rex
589 2792 723 2862 dederat,
746 2812 820 2853 uxor
840 2812 905 2851 curn
926 2788 990 2848 filio

316 2891 435 2950 excepta
449 2891 512 2933 est:
526 2872 665 2932 Mentoris
680 2873 744 2932 filiae
756 2889 810 2930 tres
824 2892 832 2941 3
855 2891 889 2928 ac
901 2868 986 2925 nobi·

315 2953 417 3013 lissinti
437 2952 514 3014 ducis
534 2952 700 3012 Memnonis
722 2951 829 3029 conjux
850 2968 878 3009 et
901 2946 986 3009 filius.

994 3337 1131 3523 Γ
