2625 4017
396 558 458 640 ‘234‘
579 560 640 645 Q.·
661 560 688 625 C
707 559 899 629 Ull'l'll

399 666 435 727 ad
444 663 519 726 hanc
526 668 652 742 pecuniae
662 686 804 726 summam
815 666 902 743 captis
910 663 1076 746 Pereagadis

393 765 447 807 sex
463 745 554 805 millia
571 746 757 807 talentorum.
774 744 865 823 Cyrus
882 744 1073 825 Persagadum

397 827 499 885 urbem
515 824 699 893 condiderat,
719 840 804 901 qnam
818 825 982 885 Alexandro
996 846 1070 901 prae-

395 903 491 968 fectus.
507 902 568 983 ejus
588 902 720 964 Gobares
742 901 863 963 tradidit.
887 898 952 964 llex
974 924 1073 967 arcem

394 980 574 1061 Persepolis,
592 1002 648 1042 111
659 981 784 1044 millibus
795 982 987 1044 Macedonum
1002 1004 1074 1062 prae,-

396 1060 470 1124 sidio
490 1062 621 1131 relictis,
648 1059 848 1123 Nicarchiden
870 1060 943 1122 tueri
966 1057 1073 1140 iubet:

395 1140 528 1221 .Tyridati
545 1162 683 1280 quotkue,
706 1141 755 1219 qui
772 1140 877 1223 gazam
893 1141 1072 1213 tradiderat,

397 1238 523 1282 servatus
546 1238 588 1281 est
630 1242 723 1290 onos,
738 1242 834 1298 ¹quem
854 1219 929 1299 apud
947 1220 1073 1284 Darium

239 1307 250 1329 ,
308 1321 310 1324 ·
398 1297 553 1373 habuerat:
567 1320 727 1381 magnaque
736 1300 876 1361 exercitus
885 1319 965 1376 parte
974 1320 1004 1362 et
1013 1302 1073 1361 im*

336 1435 341 1449 ,
397 1378 567 1459 pedimentis
576 1380 615 1441 ibi
627 1377 748 1448 relictis,
764 1376 985 1441 Parmenionem
996 1380 1074 1442 Cra·

398 1476 547 1537 terumque
560 1458 693 1537 praefecit.
708 1458 770 1535 lpse
787 1479 853 1518 cum
873 1459 954 1519 mille
968 1459 1076 1538 equiti-

396 1540 470 1609 bus,
484 1537 665 1616 peditumque
680 1536 810 1615 expedita
826 1559 931 1608 manu,
949 1538 1074 1600 interio-

396 1638 463 1679 rem
479 1616 598 1680 Persidis
611 1617 778 1699 regionem,
794 1619 845 1678 sub
860 1617 1075 1700 ipsum‘Vergi'·

399 1698 504 1759 lienum
515 1695 604 1767 sidus,
620 1696 725 1775 petiit:
738 1697 889 1775 multisque
899 1698 1035 1760 imbribus
1046 1714 1077 1759 et

394 1796 490 1857 prope
499 1773 674 1838 intolerabili
681 1794 846 1855 tempestate
855 1796 989 1847 vexatus,
1005 1797 1077 1856 pro-

394 1854 501 1919 aedere
514 1874 610 1917 tamen
620 1889 638 1927 ,·
650 1877 708 1935 quo
718 1854 892 1925 intenderat,
907 1876 1076 1934 persevera·

374 2009 377 2016 .
400 1933 454 1999 vit.
464 1934 593 1998 Ventum
606 1952 666 1996 erat
679 1935 714 1995 ad
727 1936 782 1995 iter
795 1937 936 2015 perpetuis
951 1937 1077 1997 obsitum

399 2013 531 2085 nivibus,
547 2037 616 2092 quas
625 2014 736 2095 frigoris
750 2014 792 2076 vis
801 2016 868 2096 gelu
878 2015 1077 2076 adstrinxerat.

394 2091 548 2170 ,Locorum
561 2096 676 2173 squalor
688 2114 717 2155 et
730 2094 894 2156 solitudines
908 2093 991 2157 inviae
1006 2095 1076 2157 fati-

392 2192 502 2255 ¹gutum
515 2175 638 2236 militem
651 2176 817 2244 terrebant,
833 2170 1011 2234 humanarum
1027 2184 1076 2235 νέ-

394 2273 462 2318 ntm
477 2252 608 2319 terminos
621 2274 653 2314 se
663 2252 765 2330 ‚videre
775 2251 949 2328 credentem.
961 2253 1075 2317 Omnia

391 2352 501 2404 ¹vasta,
525 2350 609 2412 atque
624 2332 683 2395 sine
698 2334 759 2394 tillo
774 2331 893 2394 humani
903 2331 995 2396 'cultus
1008 2356 1076 2395 ves·

392 2414 474 2495 tigio
486 2413 602 2474 attoniti
615 2414 812 2485 intuebantur3
829 2419 858 2474 e't
870 2430 1015 2493 antequam
1025 2410 1077 2474 lox

389 2513 504 2572 ,quoque
524 2511 551 2552 et
568 2491 665 2552 coelum
680 2491 756 2572 ipsos
772 2487 948 2571 deficerent,
972 2494 1077 2554 reverti

323 2623 327 2630 .
391 2570 549 2652 jubebant.
557 2571 621 2632 Rex
635 2573 771 2653 castigare
780 2571 892 2634 territos
905 2572 1076 2651 supersedit:

400 2670 530 2714 ceterum
549 2651 607 2730 ipse
626 2673 702 2730 equo
720 2652 844 2721 desiliit,
865 2652 1004 2731 pedesque
1025 2670 1079 2728 pet

392 2731 501 2794 nivem
511 2750 540 2793 et
550 2749 714 2793 concretam
724 2730 847 2814 glaciem
859 2731 967 2812 ingredi
977 2730 1082 2806 coepit.

401 2807 582 2873 Erubuerunt
602 2830 663 2871 non
687 2811 790 2889 sequi,
815 2812 942 2888 primum
961 2809 1076 2879 amici,

403 2890 504 2952 deinde
519 2890 667 2968 copiarum
682 2890 787 2964 duces;
804 2890 838 2950 ad
851 2889 985 2952 ultimum
999 2888 1079 2948 mili·

404 2987 458 3036 tes.
474 2969 639 3051 Primusque
656 2990 708 3035 rex
728 2971 844 3034 dolabra
863 2969 988 3054 glaciem
1010 2988 1079 3046 per·
1125 3045 1128 3050 .

933 3067 1059 3150 fringens
1070 3108 1085 3141 ,
