2625 4017
424 555 616 625 LIBER
658 559 766 628 VH.
857 581 929 642 ³353

257 676 340 723 tanto
359 657 493 724 lineretur
512 680 617 732 metu,
645 662 800 741 impensius
815 662 932 738 etiam,

244 764 347 820 ·quam
361 744 544 821 exigebatur,
560 743 703 819 promittit
717 761 845 820 operam.
858 743 934 806 Col·

258 822 443 899 laudatusque
453 839 481 882 et
491 822 635 899 promissis
645 840 792 893 oneratus,
804 822 932 900 deposies
1007 833 1011 838 '

259 917 338 963 veste
363 921 449 977 quam
472 901 621 968 habebar,
648 901 773 962 Arabica
795 900 932 967 induitur.

258 979 331 1041 Duo
342 983 470 1049 Arabes,
487 1001 611 1057 quorum
623 978 737 1040 interim
748 980 884 1060 conjuges
896 1001 932 1044 ao

257 1056 358 1129 liberi,
371 1060 519 1121 vinculum
531 1055 614 1124 fidei,
629 1060 738 1119 obsides
748 1058 932 1151 apudregem

257 1157 360 1208 erant,
376 1137 432 1199 dati
446 1139 577 1199 comites.
597 1136 652 1198 Per
668 1139 774 1199 de‘serra
787 1156 876 1199 enam
891 1142 931 1201 ob

257 1219 415 1279 siccitatem
435 1218 501 1277 loca
526 1217 664 1286 camelis,
683 1217 833 1278 undecima
857 1218 930 1288 die,

258 1318 318 1391 guo
326 1298 521 1365 destinaverat,
530 1296 708 1374 perveniunt.
717 1293 835 1375 Erprius
860 1317 930 1360 uam

257 1379 345 1455 ipsius
363 1375 537 1436 nuntiaretur
556 1374 713 1446 adventus,
732 1396 824 1437 rursus
839 1318 930 1455 dalye

257 1456 356 1517 damas
372 1472 481 1517 vestem
493 1454 713 1515 Macedonicam
725 1455 833 1524 sumit,
850 1474 879 1516 et
895 1453 928 1518 in

256 1536 471 1596 tabernaculum
484 1532 618 1594 Cleandri
635 1537 649 1608 (
661 1552 764 1611 prator
776 1534 824 1595 hic
835 1535 933 1616 regius

256 1616 339 1685 erat)
349 1632 445 1691 quarta
455 1611 555 1694 vigilia
566 1615 705 1690 pervenit.
715 1612 840 1674 Redditis
849 1613 932 1674 dein·

258 1693 293 1754 de
304 1693 410 1763 literis,
426 1690 630 1754 constituerunt
640 1692 732 1770 prima
741 1693 805 1753 luce
814 1692 849 1752 ad
859 1692 930 1752 Par⁴

259 1771 427 1833 menionem
442 1772 534 1832 coire.
554 1770 688 1849 Namque
703 1770 802 1832 cereris
815 1789 930 1848 quoque
1005 1839 1011 1847 ,

258 1852 354 1913 literas
365 1852 438 1933 regis
448 1853 589 1912 attulerat.
601 1851 669 1918 Jam
689 1850 724 1911 ad
740 1871 806 1912 eum
817 1847 931 1912 venturi

259 1948 362 2001 erant,
380 1953 447 1993 cum
461 1930 647 1991 Parmenioni
664 1927 864 2009 Polydamanta
878 1948 930 1990 ster

247 2010 339 2071 nisse
356 2011 567 2073 nuntiaverunt.
595 2008 657 2088 Qui
672 2010 738 2070 dum
758 2010 868 2071 laetatur
880 2006 932 2070 ad·

247 2108 348 2153 ·ventu
358 2091 463 2158 amici,
477 2090 615 2167 simulque
629 2088 784 2157 noscendi,
802 2110 863 2167 quae
877 2107 930 2148 rex

259 2188 380 2247 ageret,
402 2168 498 2231 avidus
518 2171 649 2247 (quippe
666 2169 764 2249 longo·
775 2165 931 2228 intervallo

259 2250 371 2309 nullam
389 2250 423 2309 ab
434 2268 472 2309 eo
484 2247 635 2322 epistolam
653 2263 801 2323 acceperat
812 2247 829 2318 )
842 2241 931 2324 Polyr-

261 2326 392 2388 damanta
408 2323 512 2405 requiri
524 2325 611 2403 jubet.
624 2323 791 2385 Diversoria
807 2322 933 2406 regionis

261 2407 338 2467 iliius
358 2426 478 2487 magnos
495 2423 617 2465 recessus
633 2402 760 2474 habent,
782 2423 929 2466 amoenosr

261 2505 318 2562 que
332 2484 494 2544 nemoribus
505 2503 593 2563 manu
603 2482 736 2556 consitis;
748 2502 783 2543 ea
792 2481 932 2566 praecipere

262 2583 363 2642 regum
378 2578 606 2639 satraparumque
618 2561 751 2638 voluptas
766 2577 839 2626 erat.
854 2561 944 2640 Spart,

246 2642 384 2704 uebatur
392 2640 422 2700 in
431 2661 549 2703 nemore
558 2642 729 2703 Parmenion
738 2640 847 2702 medius
857 2640 933 2709 inter

262 2722 363 2789 duces,
373 2719 474 2796 quibus
482 2739 542 2783 erat
550 2719 819 2799 imperansmliteris
828 2719 934 2802 Μία,

261 2817 296 2863 ut
316 2799 490 2862 occiderent.
508 2800 638 2882 Agendae·
647 2817 745 2862 autom
760 2800 805 2860 rei
823 2796 933 2860 soon}

262 2896 597 2955 ruerantrempus‚‚cum
606 2873 936 2959 ParmenionaPnlyda'·

249 2975 355 3037 'We
371 2955 469 3029 lituae
485 2957 710 3043 nuditas-tegere
721 2955 939 3119 migma&

290 3090 292 3097 ⁵
765 3122 770 3131 -
818 3077 841 3144 Β
