2625 4017
410 533 467 606 184
587 524 630 610 Q.
670 526 911 595 CURTll

406 646 497 693 xerat.
513 626 624 712 Lingua
638 630 752 712 gravius
768 628 918 710 castigatur
931 648 1015 709 quam
1030 630 1078 693 ul-

404 712 467 773 lum
478 710 614 788 probrum
631 731 640 769 r
659 727 712 770 nec
722 727 857 788 magnam
875 728 935 770 rem
948 711 1078 784 sustineri

405 799 488 870 posse
501 787 617 849 credunt
627 788 662 847 ab
674 807 732 856 eo,
755 788 801 848 cui
813 804 906 847 tacere
921 807 1007 870 grave
1019 789 1054 849 sit
1065 813 1076 865 ς
1091 833 1096 842 -

405 868 482 948 quod
495 866 608 926 bomini
621 866 789 926 facillimum
806 866 931 926 voluerit
950 886 1009 928 esse
1024 887 1077 930 na·

404 966 478 1010 tura.
490 945 539 1007 Ob
548 946 621 1005 hanc
630 965 744 1005 causam
752 946 913 1004 Alexander
924 947 1056 1009 omnium
1065 981 1079 1018 ,v

403 1048 466 1106 quae
478 1025 550 1103 apud
559 1023 672 1086 hostem
701 1043 862 1093 ererentur,
881 1024 1015 1104 ignarus,
1030 1049 1078 1088 ur·

402 1108 471 1167 bern
489 1103 592 1164 Gazan
613 1045 766 1163 obsidebat.
790 1102 909 1163 Praeerat
929 1104 957 1163 ei
972 1106 1077 1177 Betis,

403 1183 517 1246 'eadmiae
533 1184 564 1242 in
579 1202 677 1266 regem
693 1203 775 1241 suum
792 1181 879 1254 fidei;
902 1184 1077 1263 modicoque

403 1263 532 1348 praesidio
552 1282 650 1322 muros
674 1262 796 1341 ingentis
818 1263 911 1338 operis
931 1265 1077 1328 tuebatur.

402 1341 570 1405 Aleaddnder
593 1340 730 1401 aestimato
754 1340 886 1400 locorum
912 1342 997 1411 situ,
1026 1343 1077 1421 agi

403 1419 545 1490 cuniculos
555 1419 652 1496 jussit3
670 1418 747 1479 facili
757 1439 791 1479 ac
803 1420 860 1480 levi
870 1419 959 1479 humo
970 1441 1076 1499 accep-

400 1519 478 1562 tante
494 1499 640 1559 occultum
652 1518 725 1575 opus
737 1521 745 1558 r
758 1498 861 1577 quippe
872 1501 994 1559 multam
1009 1523 1075 1562 are-

401 1590 470 1644 'natn
480 1579 607 1641 vicinum
615 1598 693 1637 mare
703 1578 813 1639 evomit
823 1601 831 1637 :
842 1598 894 1638 nec
902 1599 968 1639 saxa
978 1599 1074 1640 cotes-

346 1684 348 1688 ·
422 1680 477 1729 ue,
496 1679 557 1736 quae
573 1656 753 1733 interpellent
771 1677 889 1734 specus,
909 1660 1075 1721 obstabant.

401 1682 492 1821 lgitur
501 1740 537 1796 ab
547 1757 580 1797 ea
592 1754 691 1812 parte,
709 1757 795 1812 quam
808 1735 941 1812 oppidani
955 1738 1072 1814 conspi-

399 1827 466 1879 'cete
477 1836 537 1876 non
555 1833 688 1893 possent,
710 1835 781 1891 opus
798 1836 900 1887 orsus3
919 1835 949 1876 ut
960 1837 976 1874 a
989 1836 1071 1878 sensu

401 1898 462 1976 ejus
472 1910 627 1962 averteret,
640 1912 727 1953 turres
735 1894 823 1952 muris
833 1892 969 1953 admoveri
981 1895 1073 1970 juber.

399 1975 454 2038 Sed
465 1974 566 2036 ¹eadem
580 1970 682 2033 humus
694 1972 877 2033 admovendis
891 1970 998 2033 inutilis
1007 1991 1069 2035 tur-

397 2054 495 2123 ribus,
511 2051 651 2112 desidente
664 2054 762 2111 sabulo
775 2053 929 2131 agilitatem
940 2072 1071 2115 rotarum

398 2135 584 2201 morabatur,
604 2149 633 2190 et
644 2132 768 2191 tabulata
785 2132 902 2190 turrium
914 2132 1071 2214 perfringe·

396 2216 446 2275 bat
458 2234 468 2285 ;
479 2210 616 2287 multique
624 2212 843 2270 vulnerabantur
853 2211 986 2286 impune,
999 2233 1066 2273 cum

329 2351 333 2358 ,
396 2293 475 2354 idem
488 2288 652 2366 recipiendis
664 2330 674 2357 ‚
694 2289 741 2365 qui
753 2288 936 2349 admovendis
947 2291 1071 2353 turribus

397 2372 481 2434 labor
503 2389 554 2428 eos
574 2368 714 2506 fatigaret.
741 2367 818 2448 Ergo
840 2369 963 2447 receptui
984 2370 1067 2505 signo

312 2456 314 2460 '
397 2452 466 2511 dato
477 2490 487 2519 ‚
499 2466 610 2526 postero
643 2446 771 2507 lemures
785 2466 887 2506 corona
901 2446 1001 2508 circum
1023 2449 1070 2509 ari

396 2530 488 2612 jussit.
498 2526 629 2604 Ortoque
640 2527 718 2592 sole,
732 2526 892 2602 priusquam
902 2526 1069 2602 admoveret

398 2607 578 2674 exercitum,
600 2624 687 2683 opem
705 2600 803 2664 Delum
821 2625 996 2680 exposcens,
1020 2629 1068 2667 sa·

364 2706 367 2710 ’
393 2697 479 2748 'crum
496 2685 588 2762 patrio
605 2704 686 2743 more
703 2683 833 2747 faciebat.
852 2683 938 2745 Porte
951 2704 1067 2761 praetet-

395 2768 499 2829 volans
514 2784 615 2824 corvus
627 2765 761 2845 glebam,
780 2784 865 2840 quam
876 2765 1014 2843 unguibus
1025 2764 1068 2825 fe·

392 2847 495 2913 ¹rebat,
514 2844 605 2904 subito
617 2843 728 2912 amisit3
746 2862 806 2917 quae
817 2862 882 2902 cum
895 2843 968 2922 regis
978 2844 1066 2920 capiti

396 2923 558 2997 incidisset,
581 2922 704 2986 resoluta
724 2920 841 2986 defluxit
861 2944 869 2985 r
890 2922 948 3004 ipsa
968 2940 1068 2986 autern

1004 3019 1067 3086 avis
