2625 4017
324 529 386 601 nt
505 499 836 599 uenam

326 645 405 687 arnna
413 636 537 699 spectare
545 636 709 697 coepemnt;
722 616 1007 695 etBactrianaaroe's

325 726 387 783 quae
398 700 475 779 quasi
493 699 680 781 negligentius
692 717 836 759 asservata
849 718 936 771 erat,
952 725 1003 765 oc·

325 800 452 860 cupata,
481 781 612 840 barbaros
636 798 750 855 quoque
771 778 805 837 in
832 781 1003 844 societatem

325 860 491 922 defectionis
510 859 690 935 impulerant.
713 855 928 921 Athenodorus
945 877 1004 922 etat

324 942 454 1020 princeps
465 960 587 1005 eorum.
609 936 657 1012 qui
670 936 742 1016 regis
756 957 877 1015 quoque
894 959 1003 1020 nomen

324 1036 512 1092 assumseram
536 1035 677 1081 nontam
700 1016 816 1092 imperii
841 1019 1003 1095 cupidine,

323 1120 410 1177 quam
427 1099 456 1156 in
474 1098 593 1174 patriam
611 1094 769 1155 revertendi
788 1116 860 1155 cum
876 1098 936 1167 iis,
956 1099 1002 1177 qui

324 1178 524 1248 auctoritatem
541 1174 625 1253 ipsius
640 1175 842 1250 sequebantur.
856 1174 942 1237 Huic
957 1178 1002 1238 Bi-

326 1278 383 1332 con
410 1257 525 1333 quidam
550 1252 674 1314 nationis
698 1252 857 1330 ejusdem,
889 1256 940 1315 sed
965 1260 1000 1316 ob

324 1336 537 1399 aemulationem
560 1332 701 1400 infestus,
724 1334 914 1409 comparavit
936 1334 1002 1395 insi·

325 1416 404 1487 dias3
426 1415 633 1490 invitatumque
648 1409 683 1469 ad
699 1410 796 1487 epulas
816 1431 869 1487 per
886 1414 1002 1492 Boptum

324 1493 476 1572 quemdam
495 1492 691 1552 Materianum
710 1490 739 1548 in
755 1489 901 1558 convivio
923 1494 999 1554 occi·

324 1574 374 1635 dit.
387 1572 505 1635 Postero
523 1571 568 1630 die
587 1568 730 1640 concione
747 1567 893 1631 advocata
910 1573 1001 1633 Bicon

321 1652 397 1714 ultro
419 1649 581 1713 insidiatum
596 1647 652 1708 sibi
670 1643 882 1709 Athenodorum
898 1652 1001 1730 pleris÷

323 1752 379 1811 que
396 1745 568 1811 persuaserat
589 1751 598 1789 z
623 1726 670 1787 sed
690 1727 752 1785 aliis
773 1747 909 1805 suspecta
928 1731 1002 1793 fraus

323 1830 385 1874 erat
401 1811 535 1882 Biconis;
557 1826 586 1867 et
602 1805 737 1886 paulatim
752 1805 781 1865 in
797 1810 898 1883 plures
915 1812 1003 1890 coepit

323 1909 439 1951 manare
449 1887 581 1966 suspicio.
591 1888 688 1962 Itaque
699 1883 793 1945 Graeci
801 1886 1002 1953 militesarma

321 1969 456 2045 capiunt,
473 1966 592 2035 occisuri
606 1966 764 2031 Biconem,
782 1964 805 2024 si
816 1966 939 2030 daretur
952 1990 1002 2034 oca

320 2048 411 2118 casio.
424 2047 561 2106 Ceterum
571 2044 709 2122 principes
720 2064 822 2105 eorum
834 2046 1000 2111 iramffnul·

321 2127 447 2188 titudinis
465 2124 676 2203 mitigaverunt.
695 2122 797 2183 Praeter
814 2146 899 2201 spem
919 2151 1000 2191 suam

312 2208 413 2268 ¹Bicon
440 2204 565 2282 praesenti
587 2202 715 2281 periculo
742 2221 885 2280 ereptus,
909 2211 999 2287 paulo

322 2306 388 2365 post
404 2284 546 2346 insidiatus
562 2282 722 2343 auctoribus
743 2282 843 2343 salutis
858 2306 918 2346 suae
933 2305 976 2349 est
991 2311 1001 2358 t

320 2366 401 2443 cujus
409 2366 478 2424 dolo
492 2363 609 2445 cognito
624 2377 651 2421 et
666 2361 756 2437 ipsum
768 2364 1002 2441 comprehende-

287 2487 289 2490 ·
320 2463 407 2514 tunt,
421 2464 448 2505 et
460 2444 584 2504 Boxum.
598 2441 733 2501 Cetemm
745 2438 856 2502 Boxum
866 2445 1001 2523 protinus

318 2525 425 2604 placuit
436 2519 554 2599 interfici
566 2547 575 2579 .·
587 2519 718 2580 Bitonem
730 2518 814 2579 etiam
824 2541 877 2600 per
888 2526 1002 2592 crucia·

320 2620 378 2664 tum
392 2602 495 2662 necari.
511 2602 632 2676 Jamque
646 2598 760 2674 corpori
776 2617 927 2666 tormenta
947 2606 1000 2668 ad.

320 2684 524 2753 movebantur3
536 2701 602 2739 cum
612 2676 706 2746 Graeci
715 2677 838 2747 milites,
851 2682 1000 2747 incertum

320 2765 359 2833 ob
381 2783 466 2839 quam
489 2781 624 2826 causam,
652 2757 802 2834 lymphatis
826 2760 942 2825 similes
964 2764 999 2826 ad

317 2863 399 2911 arma
420 2842 585 2900 discurrunt.
607 2836 742 2914 Quorum
766 2838 885 2901 fremitu
907 2863 1000 2905 exau·

314 2921 379 3007 4510
388 2959 401 2993 ,
420 2920 471 3014 pui
487 2938 618 3008 torquete
634 2918 773 2988 Bitonem
793 2916 863 2996 jussi
885 2937 1002 3005 erant,=
