2625 4017
488 580 678 645 ursus
717 535 845 648 vrrs.
941 578 998 663 ,13

332 683 462 764 expertus
468 683 610 763 placaret,
622 701 697 760 quem
707 678 888 763 effugereaott
895 699 1002 764 posset·

294 798 298 804 ·
332 762 406 823 Tres
423 764 509 823 adulti
524 779 603 824 erant
617 763 697 822 liberi
709 782 745 822 ex
759 783 796 821 eo
805 764 912 845 geniti,
930 782 1002 835 ullos

330 861 399 902 cum
414 842 524 918 pectori
539 842 626 918 patris
642 840 833 910 admovisset,
853 858 883 901 ut
900 839 1001 900 saltem

331 939 423 979 eorum
437 920 560 981 misereri
573 917 674 989 vellet,
691 921 807 993 orabat3
822 939 851 981 et
864 941 924 999 quo
939 917 1002 980 effi⁴

329 1000 455 1060 caciores
476 1020 566 1060 essent
585 1019 704 1077 preces,
722 998 800 1059 haud
819 1000 919 1078 procul
938 1015 1001 1059 erat

328 1078 503 1140 Alexander.
512 1080 565 1139 Ille
574 1077 998 1154 seprodi,rronrnoneritatus,

329 1157 1002 1235 etformreprofectofiduciacupereeatrnquam-¹

328 1235 454 1313 primum
466 1237 529 1297 dedi
544 1236 731 1306 Alexandr03
750 1238 897 1298 acinacem
913 1235 999 1296 strin-

328 1314 392 1384 xit,
413 1336 588 1393 percussurus
608 1331 751 1384 uxorem,
770 1317 822 1376 nisi
842 1313 1000 1394 prohibitus

328 1411 401 1453 esset
415 1396 532 1455 fratrum
550 1396 608 1474 ejus
619 1414 749 1455 occursu.
770 1395 906 1458 Ceterum
921 1392 999 1452 alite

328 1490 472 1548 conspectu
488 1474 587 1552 jubet3
601 1474 696 1534 addito
708 1492 786 1535 metu
797 1474 916 1541 mortis,
927 1471 954 1532 ri
966 1491 999 1530 se
1056 1543 1060 1551 Α

327 1548 416 1610 oculis
428 1553 487 1630 ejus
498 1550 642 1612 obtulisset
655 1577 665 1610 .·
678 1569 707 1611 et
721 1552 755 1610 ad
772 1552 939 1614 desiderium
955 1552 1000 1611 le·

326 1629 451 1691 vandum
466 1650 564 1692 noctes
577 1633 650 1691 inter
667 1631 812 1707 pellicesa
833 1647 881 1692 ere
898 1630 1001 1708 coepit·-

326 1708 382 1769 sed
399 1711 510 1787 pertitus
525 1710 632 1771 haerens
648 1729 732 1769 amor
742 1651 860 1770 ‘fastiiio
877 1727 997 1786 praeseu·
1036 1721 1039 1727 ’
1071 1745 1075 1752 -

325 1788 397 1848 tium
413 1811 547 1852 accensus
560 1807 612 1851 est.
627 1788 725 1866 ltaque
737 1809 828 1851 rursus
841 1788 895 1850 ursi¹
906 1788 934 1848 ei
946 1787 998 1848 de·

325 1868 418 1936 ditus,
440 1890 520 1931 orare
539 1890 598 1930 aon
616 1867 740 1939 destitit,
759 1885 790 1929 ut
808 1866 859 1929 tuli
876 1861 1001 1928 consilio

324 1944 498 2018 abstineret,
519 1965 707 2029 patereturque
720 1963 820 2008 sortem
837 1965 999 2026 quamcum-

324 2044 376 2104 que
387 2023 429 2085 eis
440 2024 558 2103 fortuna
567 2026 700 2105 fecisset.
711 2024 774 2087 Sibi
786 2043 901 2087 mortem
911 2021 1000 2086 dedi*

323 2103 401 2164 tt'one
411 2125 473 2165 esse
482 2104 621 2169 leuiorem.
630 2105 730 2166 Arilla
740 2125 858 2186 purgare
868 2124 912 2174 se,
922 2100 995 2183 quod

322 2202 383 2261 quse
394 2181 474 2243 utilia
486 2204 548 2244 esse
558 2180 708 2255 censebat,
728 2181 896 2245 muliebriter
899 2180 995 2257 forsi-

322 2279 394 2332 tan,
416 2262 466 2322 ted
475 2260 541 2341 fida
559 2273 650 2323 tamen
664 2281 754 2324 merare
771 2260 912 2328 suasisset
922 2278 935 2332 ;
958 2255 995 2318 tle

323 2338 542 2417 ceterosuturum
552 2342 581 2401 in
592 2340 646 2401 viri
654 2356 801 2421 potestate.
815 2339 999 2418 Spitamenes

321 2420 457 2481 simulato
465 2439 561 2497 captus
571 2423 727 2497 obsequio,
739 2420 773 2480 de
780 2419 825 2479 die
836 2415 994 2478 coavivium

322 2499 448 2578 apparari
467 2500 564 2576 jubet3
584 2499 710 2576 vinoque
725 2515 754 2559 et
771 2497 862 2576 epulis
877 2496 993 2578 grauis,

321 2578 509 2639 semisomnus
523 2580 553 2638 in
566 2579 729 2639 cubiculum
738 2577 836 2638 fertur.
846 2575 945 2653 Quem
959 2581 993 2642 ut'

320 2658 382 2716 alto
405 2676 434 2716 et
455 2658 534 2738 gravi
556 2678 660 2717 somno
684 2656 807 2735 sopitum
826 2674 885 2716 esse
906 2654 994 2715 sensit

318 2756 414 2804 uxor,
427 2736 574 2818 gladium,
592 2757 677 2816 quem
689 2754 766 2798 reste
776 2735 989 2804 occultaverat,

319 2815 450 2897 stringit,
474 2836 611 2893 caputque
633 2815 694 2895 ejus
714 2814 865 2877 abscissum
888 2828 994 2874 cruore

317 2914 441 2971 respersa
451 2936 461 2965 ,
472 2917 554 2957 servo
563 2908 615 2956 'suo
628 2895 746 2956 conscio
753 2890 887 2974 feditatis
894 2890 998 2964 stadim·

314 2971 426 3052 Eodem
435 2975 606 3048 comitante,
616 2974 690 3040 sicut
699 2990 760 3039 erat
769 2986 992 3042 cruentaveste,

724 3065 878 3159 .Mmiii
