2625 4017
417 555 613 623 LIBER
649 553 758 632 VH.
864 573 924 648 μς

248 660 359 722 {nultus
377 661 437 736 ejus
455 659 592 736 principia
611 658 777 719 nuntiaturi.
797 660 834 722 Fi
853 663 926 724 aliut

273 761 373 801 raesens
384 759 474 799 terror
485 737 618 809 affertur3
638 734 776 817 qutltost
793 740 838 819 qui
852 739 926 804 ultra

251 760 364 879 ianuis
388 837 494 877 amnem
519 814 634 886 colant,
658 814 807 878 adventare
834 815 924 881 Besso

243 896 376 973 ferentes
398 917 483 973 open.
506 895 618 955 Eodem
636 911 696 957 tem
717 916 790 965 ote,
813 918 872 977 qua
892 897 925 960 in

248 993 335 1056 gente
348 974 480 1035 Ariorum
493 972 621 1035 Caranus
635 992 663 1034 et
706 974 814 1057 rigyius
825 996 926 1055 gesse⁴

250 1074 334 1125 rant,
354 1055 539 1133 perferuntur.
559 1053 754 1116 Commissum
771 1073 831 1116 erat
848 1078 922 1134 prae-

251 1136 325 1194 lium
333 1135 406 1195 inter
414 1134 747 1210 Macedonesrlriosque.
763 1132 924 1216 Transfuga

249 1214 445 1274 Satibarzanes
465 1213 588 1273 barbatis
609 1226 754 1289 praetatt
783 1211 832 1290 qui
854 1236 923 1282 cum

249 1314 376 1373 pugnam
400 1311 517 1372 segnem
544 1292 686 1368 utrimque
702 1291 791 1367 'aquis
817 1292 923 1358 viribus

251 1391 325 1434 state
335 1371 468 1439 vidisset,
488 1371 518 1430 in
528 1372 635 1447 primos
648 1366 760 1430 ordines
776 1369 922 1447 adequita-

249 1454 320 1521 vit,
349 1451 498 1528 denttaque
519 1452 629 1532 galea,
649 1448 774 1511 inhibitis
794 1454 842 1529 qui
862 1452 921 1518 tela

249 1531 411 1611 jaciebant
431 1532 454 1589 si
471 1533 532 1607 quis
549 1527 654 1590 viritim
666 1528 798 1589 dimicate
815 1527 920 1601 vellet,

247 1610 417 1690 provocavit
428 1610 461 1669 ad
473 1629 598 1688 pugnam
610 1648 620 1676 ‚
638 1606 738 1672 aetium
750 1627 781 1666 te
792 1627 872 1687 eaput
888 1608 921 1670 irr

248 1690 401 1751 certamine
423 1686 587 1750 habitorum.
606 1687 684 1751 Non,
698 1687 763 1747 tulit
780 1686 922 1752 ferociam

248 1770 358 1831 barbari
369 1768 425 1830 dux
435 1769 573 1828 exercitus
583 1766 712 1848 Erigyius
724 1805 734 1835 ‚
751 1766 844 1846 gravis
853 1765 929 1843 qui·'

248 1849 315 1910 dem
326 1866 426 1919 aetate3
441 1848 486 1910 sed
499 1865 527 1907 et
536 1846 624 1910 animi
638 1866 667 1910 et
678 1846 804 1923 corporis
814 1847 921 1914 robore

248 1929 320 1988 nulli
332 1929 466 1997 iuvenum
479 1926 682 2004 postferendos.
693 1926 720 1986 ls
730 1926 813 2005 galea
822 1924 921 1990 demta

246 2007 384 2070 canitiem
402 2025 566 2079 ostentanst
589 2004 666 2067 venir
674 2041 689 2075 ,›
702 2004 813 2084 inquit,
833 2002 918 2077 diet,

246 2107 298 2169 quo
316 2102 363 2145 our
378 2085 514 2153 victoria,
538 2102 584 2144 aut
600 2102 684 2145 morte
697 2081 919 2155 honestissima,

245 2164 341 2246 quales
353 2164 455 2223 amicos
471 2181 497 2223 et
508 2161 612 2222 milites
622 2160 785 2226 Alexander
795 2160 918 2234 hebeat,

246 2242 402 2305 ostendam.
426 2242 492 2302 Nec
509 2244 589 2318 plura
610 2244 740 2303 elocutus
758 2260 864 2319 equum
886 2240 920 2310 itt

245 2323 361 2389 hostem
374 2322 442 2401 egit.
453 2321 589 2381 Crederes
599 2320 787 2390 imuetatum,
799 2321 832 2382 u't
843 2320 921 2388 acies
972 2318 975 2323 ’

245 2422 369 2479 utreque
379 2401 436 2460 tela
449 2398 624 2459 cohiberent.
636 2398 767 2468 Protinus
777 2415 854 2460 certe
868 2417 919 2470 ree,

243 2500 387 2545 cesserunt
411 2480 478 2541 dato
506 2480 603 2540 libero·
618 2480 709 2555 spatio
727 2498 737 2549 3
762 2477 864 2538 intenti
880 2477 920 2540 in

243 2581 399 2628 eventum,
419 2581 479 2619 non
495 2560 617 2623 duorum
633 2556 743 2625 modo,
761 2555 810 2616 secl
826 2553 918 2624 etiami

243 2664 300 2703 suae
316 2640 418 2707 sortis,
439 2639 543 2716 quippe
560 2639 687 2699 alienum
703 2633 853 2698 discrimen
868 2657 916 2699 te·

243 2721 346 2781 tutari.
358 2719 439 2779 Prior
447 2721 578 2779 barbatus
586 2717 680 2779 emisit
688 2714 816 2783 hastam,
829 2729 919 2792 qu'atn

242 2799 373 2891 Erigyius
399 2798 514 2859 modica
541 2796 638 2875 eapitis
656 2793 849 2856 declinatione
869 2793 917 2856 vi·

242 2896 324 2952 tarn.
343 2879 383 2939 At
398 2879 457 2956 ipse
468 2877 600 2948 infestam¹
615 2877 745 2938 satissam
762 2893 838 2952 equo
853 2873 920 2940 cain

240 2959 350 3048 taribus
369 2958 484 3029 sondro
501 2956 534 3024 in
549 2957 647 3029 meus
667 2952 920 3123 Βεὲὸμὲὶυςυαυω

750 3126 753 3131 ,
782 3073 819 3137 ¹¹1
