2625 4017
339 585 398 655 'tel
518 576 561 658 Q.
601 577 627 639 C
648 578 681 639 U
700 579 726 641 R
744 580 774 641 T
791 576 842 640 ll

337 680 419 761 juges
441 675 508 739 huic
525 678 634 760 agmini
649 678 809 757 proximae3
829 675 1010 759 lixarumque

335 775 368 819 et
392 758 528 819 calonum
559 778 660 840 greges
685 758 870 821 vehebantur.
898 760 1007 828 Ultimi

335 855 419 903 erant
428 857 494 899 cum
506 838 564 899 suis
574 842 694 916 quisque
706 838 838 908 ducibus,
853 836 901 915 qui
917 859 1007 920 coge·

334 933 401 976 tent
408 936 533 997 agmen,
551 916 652 977 leuiter
662 918 773 977 armati.
789 918 1006 995 -Contrasiquis

331 995 428 1055 aciem
439 996 633 1065 Macedonum
644 996 814 1065 intueretur,
829 996 920 1073 dispar
929 999 1007 1060 acies

332 1091 416 1147 erat3
429 1077 507 1153 equis
516 1076 637 1151 virisque
648 1096 709 1136 non
723 1096 814 1144 auro,
832 1095 892 1134 non
907 1075 1003 1137 discor

331 1153 389 1213 lori
401 1172 479 1216 veste
491 1197 501 1224 ,
524 1155 571 1215 sed
584 1154 680 1224 ferro,
702 1173 785 1232 atque
799 1172 852 1213 aere
864 1155 1003 1234 fulgentia·

332 1234 395 1300 bus.
411 1236 528 1375 Apmen
546 1251 575 1294 et
591 1252 664 1293 stane
679 1252 828 1311 paratum,
851 1251 881 1294 et
897 1236 1002 1311 sequit

329 1330 386 1374 nec
400 1330 445 1373 tur
464 1336 501 1384 a,
522 1333 576 1373 nec
590 1314 703 1373 sarcinis
720 1332 886 1394 praegrave:
906 1313 1002 1374 inten-

327 1405 392 1451 tum
401 1392 435 1452 ad
446 1392 539 1462 ducis,
549 1412 610 1452 non
618 1393 729 1472 signum
741 1392 829 1451 modo
837 1431 847 1461 ‚
856 1393 1001 1453 sedetiam

329 1488 442 1542 nutum.
454 1473 490 1532 Et
502 1471 596 1531 castris
609 1473 709 1541 locus,
727 1490 756 1531 et
768 1471 902 1531 exercitui
912 1492 1001 1533 com-

328 1568 439 1629 meatus
460 1554 653 1629 suppetebant.
679 1550 756 1631 Ergo
779 1551 945 1612 Alexandro
967 1551 1000 1610 in

326 1628 390 1696 acie
403 1631 556 1696 miles‘non
566 1630 667 1691 defuit.
685 1630 789 1689 Darius
799 1646 884 1689 tantae
893 1629 998 1689 multi·-

297 1769 300 1774 Α
327 1708 430 1770 tudinis
448 1731 519 1781 rex,
540 1709 616 1778 leci,
642 1710 672 1768 in
691 1729 748 1785 quo
766 1708 922 1788 pugnavit,
943 1719 997 1768 an÷

321 1788 424 1880 gustiis
441 1785 567 1855 redactus
581 1805 624 1848 est
639 1787 675 1847 ad
691 1789 888 1868 paucitatem,
905 1808 998 1866 quam

323 1887 357 1929 m
369 1868 450 1929 hoste
459 1885 663 1941 contemserat.

363 1946 441 2008 Can.
452 1948 508 2011 lV.
518 1948 629 2007 {nterea
639 1945 802 2023 Alexander
810 1944 996 2011 Abistamene

321 2024 513 2105 Cappadociae
536 2025 711 2105 praeposito,
733 2025 868 2085 Ciliciam
895 2046 997 2105 petens

319 2110 391 2166 eum'
403 2106 534 2167 omnibus
543 2105 653 2182 copiis,
669 2104 837 2185 regionem,
854 2126 915 2181 quae
928 2127 994 2167 cas·

322 2198 370 2244 tra
381 2181 446 2264 Cyri
457 2206 492 2264 ap
512 2186 632 2261 ellatur,
642 2182 820 2260 pervenerat.
828 2182 938 2247 Stativa
950 2187 991 2247 ibi

321 2260 459 2335 habuerat
506 2284 570 2342 yrus
587 2278 600 2332 ς
618 2269 689 2323 ‘cum
710 2262 840 2324 adversus
859 2263 993 2327 Croesum

267 2365 271 2372 ·
319 2341 352 2417 in
368 2342 486 2421 Lydiam
503 2344 626 2405 duceret.
637 2341 744 2403 Aberat
758 2363 791 2401 ea
810 2344 890 2421 regio
906 2344 991 2422 qnin-

317 2425 454 2505 quaginta
470 2424 557 2484 stadia
572 2423 610 2481 ab
628 2420 703 2480 aditu
721 2442 779 2497 quo
794 2420 931 2483 Ciliciam
945 2424 992 2484 in·

317 2506 426 2571 tramus
442 2526 450 2563 ε
467 2499 554 2581 Pylas
575 2499 676 2559 incolae
695 2499 809 2573 dicunt3
822 2500 991 2565 arctissimas

318 2582 434 2650 lauces,
450 2580 629 2642 munimenta
649 2600 710 2655 quae
726 2599 814 2639 manu
828 2580 963 2656 ponimus
975 2624 988 2651 ,

317 2660 439 2721 naturali
452 2661 506 2721 situ
521 2658 676 2718 imitantes.
689 2658 777 2737 lgitur
787 2659 926 2729 Armes,
937 2662 991 2738 qui

317 2738 428 2800 ciliciae
439 2756 555 2816 praeerat
567 2776 577 2805 ‚
593 2752 726 2813 reputans
736 2735 803 2811 quid
815 2736 898 2798 initio
916 2740 990 2801 belli

316 2818 457 2879 lllemnon
471 2816 617 2893 suasissent
634 2814 779 2895 quondam
790 2818 900 2877 salubre
912 2838 988 2878 con·

315 2897 412 2957 silium
432 2916 494 2957 sero
515 2894 616 2971 exequi
637 2892 733 2954 statuit
750 2916 760 2952 t
777 2894 787 2952 i
808 2895 837 2953 ni
854 2896 987 2973 ferroque

315 2972 690 3056 Ciliciamvastanuthpsti
699 2913 988 3059 mluiuemiasjng
