2625 4017
313 561 366 606 ros
420 558 449 610 n·
481 548 674 610 FREINSH.
709 551 903 609 currerit.

317 643 428 710 regionis
451 645 608 703 admiratus,
632 660 683 710 quae
707 643 763 694 aliis
783 645 905 696 fructibus
925 642 995 696 inter

316 712 525 775 praestantissimas
538 713 623 770 dives,
639 712 825 777 opobalsamum
834 713 888 764 sola
898 715 991 777 produ-

317 779 354 829 cit
370 815 378 836 ,
396 780 601 830 Andromachum
622 778 654 829 iis
674 779 817 844 regionibns
834 780 990 845 preposuit:

317 863 389 912 quens
411 847 554 897 Samaritani
579 846 691 911 perpetui
714 849 853 899 Jndaeorum
877 849 963 903 hostes
983 884 991 906 ‚

316 916 391 977 paulo
405 930 541 977 postatro
536 916 592 965 iter
608 925 766 965 necaverunt.
775 921 803 965 St
805 916 879 965 dhaec
890 915 991 979 quidem

317 991 376 1046 post
395 986 487 1049 Tyrum
504 984 645 1047 Gazamque
662 995 811 1057 expugnatas
828 998 898 1050 gesta
913 998 992 1033 sunt.

316 1057 364 1099 nos
374 1066 416 1113 per
428 1049 585 1100 occasionem
599 1049 765 1113 precepimus.

352 1120 431 1170 CAP.
446 1120 514 1169 XII.
529 1121 644 1180 Cetemm
660 1117 778 1182 angustiis
793 1116 822 1165 ad
837 1128 903 1167 mare
917 1114 993 1167 Pam-

317 1183 430 1250 phylium
449 1186 586 1249 superatis,
604 1185 744 1234 Alexander
759 1183 845 1249 Pergis
863 1189 992 1247 profectus

317 1252 344 1299 in
358 1250 446 1303 itinere
459 1251 551 1303 obvios
564 1252 649 1303 habuit
664 1251 849 1315 Aspendiorum
870 1253 991 1317 legatos,

318 1336 348 1369 ex
357 1319 540 1399 principibus
517 1319 644 1371 civitatis:
663 1318 681 1367 ii
693 1333 804 1382 petentes
815 1337 842 1369 ne
848 1322 991 1398 presidium

319 1390 420 1455 recipere
434 1404 596 1457 cogerentur,
614 1389 786 1454 quinquaginta
797 1388 911 1437 raieuto'
904 1404 931 1436 m
945 1390 998 1437 ssia

313 1456 426 1521 pendium
448 1431 572 1513 militum,
589 1469 612 1505 er
634 1469 749 1521 puteorum
770 1466 881 1519 equorum
900 1455 992 1505 triburi

317 1523 413 1573 nomine
424 1523 475 1589 regi
492 1524 622 1575 Persarum
638 1524 701 1572 alere
717 1536 907 1577 consueverant,
927 1538 993 1584 pro

317 1564 519 1638 miserunt.1nde
534 1605 576 1639 rex
592 1589 621 1637 ad
637 1588 731 1637 Sidetas
745 1605 786 1651 qur
780 1586 924 1636 'Melanem
940 1606 992 1637 am·
993 1610 995 1615 ¹

316 1665 372 1705 nem
388 1657 526 1715 accolunt,
550 1672 693 1721 progressus
710 1665 767 1711 est3
793 1657 943 1705 Cumaeorum
961 1673 991 1706 ex

317 1722 419 1773 AEolide
433 1739 526 1789 genus,
543 1724 589 1774 scd
596 1737 708 1773 sermone
717 1722 842 1772 barbaro
858 1738 913 1802 nam
923 1725 994 1773 G-rre

317 1807 360 1840 cus
375 1791 536 1850 exoleverat,
556 1800 606 1840 no'n
625 1789 785 1840 diuturnitate
793 1788 939 1869 temporis,
963 1804 994 1840 ut

317 1857 426 1919 accidit3
444 1874 529 1910 verum
543 1865 644 1924 majores
657 1875 728 1915 suos,
747 1873 775 1908 ur
790 1858 815 1907 in
829 1874 867 1909 eus
882 1860 994 1926 regiones

316 1939 455 1984 venerunt,
477 1941 569 1993 reperire
586 1926 673 1977 oblitos
685 1926 776 1991 parriae
795 1927 886 1992 lingue
900 1943 989 1977 novom

317 2008 340 2044 et
358 2009 431 2046 aureo
448 1961 586 2043 inauditam
607 1993 712 2043 sonuisse
731 1993 909 2042 memorabant.
932 1992 990 2042 Side

317 2076 424 2124 recepta,
435 2075 485 2125 quae
494 2059 641 2125 Pamphyliae
651 2057 799 2121 metropolis
807 2074 859 2109 erat
869 2059 990 2125 ,Syllium

316 2126 412 2190 ibatur,
428 2142 508 2178 tntum
521 2143 606 2177 natura
620 2125 683 2176 sitlts
694 2126 828 2190 oppidum,
843 2140 868 2175 et
880 2142 931 2175 tam
946 2144 994 2191 pe

315 2195 415 2260 tegrino
433 2194 533 2252 milite,
556 2211 627 2271 quam
646 2194 805 2243 barbarorum
822 2194 991 2273 accolentium

316 2262 386 2313 firma
407 2279 479 2313 mann
494 2261 595 2327 egregie
610 2259 742 2312 munitum.
762 2264 795 2310 Ea
815 2276 871 2319 res,
891 2275 917 2311 et
932 2262 991 2326 quia

317 2329 449 2397 Aspendios
473 2331 588 2382 rebellare
610 2327 784 2388 nuntiabatur,
803 2328 895 2378 avertit
915 2328 992 2380 iter:

316 2398 509 2463 Aspendumque
532 2398 619 2447 ductus
641 2411 678 2447 est
695 2394 825 2445 exercitus.
848 2394 890 2444 Illi
907 2395 990 2445 subita

316 2465 507 2515 Macedonum'
499 2463 638 2529 irruptione
653 2462 750 2520 territi,
768 2463 871 2512 desertis
891 2479 942 2527 que
962 2463 990 2514 in

316 2533 390 2596 plano
401 2548 470 2583 erant
483 2531 610 2591 edificiis,
629 2531 654 2580 in
664 2547 743 2580 arcem
757 2546 907 2581 concessere
925 2531 994 2581 Ale·

316 2602 407 2651 rander
421 2617 499 2652 vacua
513 2600 573 2650 urbe
591 2598 706 2677 potitus
707 2597 776 2648 sub'
769 2613 822 2662 ipsa
839 2613 893 2647 arce
909 2613 990 2649 castra

318 2668 471 2726 communit,
489 2682 515 2717 et
530 2684 585 2717 cnm
599 2664 763 2745 peritissimos
776 2664 927 2715 architectos
943 2666 992 2715 ha-

317 2738 403 2795 beret,
424 2749 540 2801 apparatu
554 2733 747 2798 oppugnationis
767 2734 878 2783 obsessos
894 2734 925 2785 ad
942 2751 989 2796 pa-

317 2818 371 2853 cem
387 2802 510 2867 prioribus
534 2800 720 2852 conditionibus
739 2801 896 2878 repetendam
913 2817 989 2851 com·

317 2869 392 2935 pulit.
403 2868 475 2919 Nihil
485 2870 515 2917 ad
530 2871 621 2930 majora
638 2867 780 2932 properanti
796 2868 904 2933 optatius
919 2868 990 2917 acci-

234 2935 239 2943 '
318 2938 376 2989 dete
396 2935 541 3005 potuisset,
560 2953 633 3005 quarn
653 2936 706 2989 loci
730 2936 795 2989 haud
812 2934 992 2992 contemnendi
