2625 4017
401 583 472 659 ’.486
582 583 628 665 Q.
674 571 916 646 euu‘t‘lt

412 685 514 765 procul
533 684 706 764 stupentibus
725 681 823 743 ceteris
840 683 915 743 :ille
934 697 996 753 ut,
1017 683 1100 750 arios

404 786 499 842 ¹quam
513 768 630 826 ultimus
648 764 759 841 spiritus
774 760 932 831 deficeret,
956 763 1099 827 dimicans

411 847 471 924 jam
483 847 717 927 extingueretur,
735 841 838 918 clypeo
850 862 881 902 se
894 844 1030 906 allevare
1046 867 1097 906 co·

412 943 495 984 natus
515 943 556 985 est
576 947 586 992 ς
607 942 635 983 et
655 939 806 1001 postquam
828 921 863 980 ad
883 924 1095 985 connitendum

403 1004 486 1063 nibil
497 1021 638 1081 supererat
647 1003 770 1068 virium,
784 1000 883 1060 dextra
896 1002 1094 1080 impendentes

405 1104 510 1143 ramos
530 1084 697 1160 complexus
716 1080 841 1141 tentabat
859 1102 1026 1162 assurgere.
1041 1082 1091 1143 Sed

410 1182 453 1223 ue
468 1163 507 1222 sic
522 1162 635 1239 quidem
652 1179 754 1237 potens
770 1160 925 1236 corporis,
950 1183 1046 1222 rursus
1065 1164 1091 1221 in

406 1257 508 1323 'genua
517 1243 697 1318 procumbit;
707 1258 794 1299 manu
805 1258 973 1313 provocans
985 1242 1087 1309 hostes,

416 1324 439 1380 si
449 1321 508 1397 quis
518 1321 652 1400 congredi
663 1319 787 1380 auderet.
800 1315 936 1395 Tandem
946 1318 1091 1381 Peucestes

408 1416 467 1478 per
483 1399 570 1458 aliam
583 1399 679 1477 oppidi
693 1415 803 1476 partem
814 1396 974 1458 deturbatis
989 1418 1090 1477 propu-

408 1477 578 1558 gnatoribus
599 1478 674 1539 muri
694 1476 812 1557 vestigia
833 1492 1011 1554 persequens
1034 1477 1088 1558 regi

414 1557 586 1634 superuenit.
605 1556 676 1635 Quo
688 1572 842 1633 conspecto
853 1557 1026 1618 Alexander
1037 1557 1090 1636 jam

414 1657 475 1696 non
488 1636 551 1697 vitae
563 1658 640 1707 suae,
661 1635 708 1697 sed
723 1635 822 1696 mortis
837 1633 978 1696 solatium
993 1655 1089 1716 super*

414 1716 631 1784 venissemus,
645 1716 749 1793 clypeo
759 1713 911 1796 fatigatum
920 1735 1030 1793 corpus
1040 1734 1088 1776 ex·

401 1795 503 1873 cepit.
522 1795 603 1856 Subit
618 1795 684 1855 inde
701 1794 827 1854 Timaeus
844 1816 853 1855 r
872 1810 903 1852 et
919 1797 1013 1870 pa'trlo
1032 1812 1090 1873 post

408 1872 579 1934 Leonnatus
590 1897 599 1935 t
610 1872 677 1935 huic
686 1873 835 1933 Aristonus
845 1875 1023 1949 supervenit.
1031 1872 1089 1935 lndi

410 1972 528 2043 quoque
538 1973 605 2014 cum
617 1953 690 2013 intra
702 1951 807 2013 moenia
824 1969 924 2031 regem
935 1972 1000 2013 esse
1010 1975 1089 2014 conr-

409 2048 567 2109 perissent,
589 2033 701 2093 omissis
717 2030 817 2109 cereris
837 2030 914 2091 iiiuc.
931 2053 1089 2093 concurre·

409 2128 476 2170 runt
488 2152 498 2178 ,
521 2114 715 2192 urgebantque
727 2126 919 2191 protegentes.
932 2111 981 2171 Ex
993 2114 1089 2189 quibus

409 2188 536 2250 Timaeus
547 2190 644 2251 multis
660 2191 776 2251 adverso
787 2208 909 2267 corpore
923 2192 1090 2252 vulneribus

410 2270 535 2345 acceptis
554 2270 724 2350 egregiaque
745 2269 817 2329 edita
840 2288 937 2346 pugna
965 2272 1088 2332 cecidit:

410 2345 561 2408 Peucestas
580 2370 692 2426 quoque
712 2348 799 2408 tribus
819 2346 920 2423 iaculis
940 2350 1091 2411 confossus

410 2446 471 2486 non
486 2447 515 2487 se
531 2446 626 2488 tamen
638 2446 739 2495 scuto,
756 2426 802 2487 scd
817 2444 918 2506 regem
934 2432 1090 2490 tuebatur:

408 2502 575 2567 Leonnatus
585 2508 652 2568 dum
664 2507 743 2569 avide
756 2524 865 2566 ruentes
875 2507 1016 2570 barbaros
1027 2512 1092 2570 sub·

407 2604 537 2654 movet,
561 2586 672 2647 cervice
691 2586 813 2668 graviter
832 2584 888 2645 icta
908 2588 1092 2650 semianimis

407 2667 562 2739 procubuit
570 2684 634 2726 anre
642 2670 715 2745 regis
722 2666 816 2743 pedes.
824 2664 890 2730 Janr
900 2665 1092 2729 etPeucestas

409 2745 573 2805 vulneribus
589 2746 719 2827 fatigatus
736 2745 899 2804 submiserat
921 2746 1064 2823 clypeum
1081 2768 1090 2807 t

406 2819 441 2881 in
453 2823 589 2884 Aristono
602 2846 664 2902 spes
677 2825 777 2886 ultima
791 2821 922 2885 herebat.
934 2822 1000 2886 Hic
1014 2848 1091 2905 quo·

410 2922 466 2978 qne
483 2904 606 2985 graviter
624 2904 732 2964 saucius
749 2921 858 2962 tantam
874 2903 937 2962 vim
957 2902 1093 2967 hostium

407 2982 483 3044 ultra
501 2983 636 3048 sustinere
653 3003 722 3049 non.
731 2997 854 3063 poterat.
874 2982 954 3045 inter
974 2983 1094 3051 haec'ad
