2625 4017
507 432 700 505 LIBER
751 430 826 505 lx.
945 446 1004 518 '487

329 533 505 607 Macedonas
522 560 615 634 regem
640 541 777 603 cecidisse
799 543 876 604 fama
894 546 1003 621 perlata

332 642 386 685 est.
400 623 557 683 Terruisset
572 623 666 692 alios,
688 624 766 716 quod
781 623 871 683 illos
862 624 1005 689 incitavits

330 703 466 781 Namque
484 703 602 780 periculi
615 703 708 763 omnis
726 704 912 762 immemores
923 704 1004 765 dola

330 778 388 844 bris
397 784 553 874 perfregere
566 804 697 852 murum;
711 801 802 860 etqua
815 782 908 842 moliti
920 800 1000 845 erunt

329 862 481 923 aditum
449 903 459 930 ,
472 882 596 939 irrupere
608 862 636 920 in
648 826 747 921 urbem
745 885 770 1000 d3
785 861 924 940 Indosque
934 864 1002 939 plu

329 959 374 1002 res
384 940 448 1079 tfu
441 959 530 1000 rentes
540 963 624 1017 quam
636 943 759 1020 congred
762 961 773 1004 ι
788 960 870 1001 ausos
886 941 1000 1002 cecide

451 1041 489 1080 on
502 1021 631 1113 senibus,
651 1040 710 1080 non
721 1020 855 1088 feminis,
874 1022 999 1081 nonin

326 1037 450 1161 fartibus
463 1101 609 1177 parcitutr
622 1101 745 1177 quisquis
761 1114 946 1169 occurrerat,
963 1102 999 1161 ab

326 1179 381 1241 illo
413 1180 592 1241 vulneratum
622 1198 720 1271 regem
750 1200 809 1240 esse
837 1179 1000 1244 credebant.

326 1256 533 1337 Tandemque'
525 1261 719 1319 internecione
729 1258 873 1320 hostium
865 1275 942 1337 pustae
951 1259 1000 1320 irat

323 1353 504 1428 parentatum
515 1357 565 1401 est.
578 1336 775 1409 Ptolemaeum,
792 1336 837 1417 qul
847 1355 944 1418 postea
955 1358 1000 1398 re·

321 1417 446 1509 guerit,
469 1416 531 1478 huic
545 1439 644 1509 puguoe
664 1416 812 1492 adfuisse,
835 1434 934 1477 auctor
955 1432 999 1477 est
1018 1438 1021 1444 ’

326 1497 509 1567 Clitarchus,
527 1516 556 1557 et
567 1498 752 1578 Timagenes.
774 1496 849 1558 Sed
840 1516 922 1574 rpse,
939 1497 996 1556 sci-

322 1576 394 1638 licet
407 1578 533 1669 gloria
524 1599 577 1637 suae
593 1596 651 1635 non
672 1575 847 1668 refragatus,
870 1573 995 1651 abfuisse
1023 1651 1028 1661 Ι

323 1676 378 1724 se,
396 1657 511 1716 missurn
523 1654 553 1716 in
566 1653 769 1750 expeditionem
779 1654 925 1717 memoria
936 1672 996 1715 tra·

323 1736 404 1798 didit.
418 1738 513 1797 Tanta
528 1736 765 1813 componentium
778 1752 888 1799 vetusta
899 1753 998 1795 rerum

321 1834 537 1908 monumenta,
558 1818 605 1877 vel
622 1818 777 1886 securitas,
795 1817 843 1877 vel
859 1835 910 1893 par
928 1813 995 1874 huic

322 1895 450 1966 vitium,
469 1898 617 1959 credulitas
631 1894 704 1957 luit!
720 1897 824 1979 Rege
816 1914 844 1955 m
862 1898 994 1955 taberna·

320 1978 421 2035 culum
438 1978 548 2045 relato,
570 1975 674 2036 medici
693 1976 805 2056 lignum
823 1974 907 2034 hastae
923 1993 993 2032 cot·

321 2076 385 2132 pon
378 2054 541 2121 infixum,
559 2056 597 2114 ita
614 2075 649 2113 ne
661 2055 798 2130 spiculum
809 2068 991 2119 moveretur,

320 2134 498 2194 abscindunt.
522 2133 653 2209 Corpore
677 2133 777 2193 deinde
798 2132 903 2192 nudato
926 2130 991 2191 ani-

318 2213 500 2273 madvertunt
516 2211 642 2273 hamos
634 2232 724 2304 inesse
740 2213 823 2283 telo;
840 2232 893 2272 nec
908 2211 991 2269 aliter

320 2292 392 2352 id
371 2314 430 2353 sine
450 2293 574 2370 pernicie
594 2292 722 2369 corporis
747 2257 856 2352 extribi
877 2309 957 2368 posse
978 2327 989 2357 ,

320 2394 407 2449 quam
417 2372 577 2433 ursecando
586 2373 840 2463 vulnusaugerent
852 2370 990 2431 Ceterum

319 2473 357 2512 ne
374 2470 498 2515 secantes
515 2451 688 2530 profluvium
707 2450 848 2544 sanguinis
864 2468 990 2524 occupa·

318 2551 385 2602 ret,
413 2536 607 2605 verebantur;
634 2532 738 2610 quippe
767 2533 867 2623 ingens
896 2529 988 2617 telum

316 2613 450 2673 adactum
461 2630 541 2681 erat,
563 2630 591 2671 et
602 2629 759 2689 penetrasse
773 2612 803 2670 in
816 2610 923 2670 viscera
940 2604 988 2666 vi-

316 2691 445 2755 debatur.
469 2691 687 2785 Critobulus,
678 2709 752 2751 mter
774 2689 900 2750 medicos
922 2684 989 2747 attis

317 2773 453 2842 eximia,
475 2772 572 2832 sedin
595 2790 675 2833 tanto
697 2771 825 2851 periculo
848 2768 985 2835 territus,

317 2868 418 2917 manus
436 2852 589 2917 admouere
611 2855 776 2923 metuebat,
797 2870 834 2910 ne
852 2849 883 2908 in
902 2846 994 2928 ipsius·

788 2951 807 3013 S
826 2971 839 3012 s
856 2948 887 3013 ir
