2625 4017
378 556 442 633 '⁴30
561 543 892 627 acuaris

379 649 480 714 Duces
495 648 667 709 exercituum
680 665 785 709 tuorum
799 646 829 708 in
840 644 985 726 equuleum.
998 644 1059 709 im·

377 728 485 813 positi,
507 725 605 788 Persis
615 747 682 807 quos
693 727 821 788 uicerant
832 769 843 798 ,
850 725 932 803 fuere
943 746 1059 806 specta-

380 808 454 871 culo.
463 805 611 868 Parmenio
622 806 729 867 indicta
738 828 822 867 causa
831 805 989 868 trucidatus
999 823 1056 877 est,

378 908 433 971 per
446 907 524 965 quem
537 886 664 947 Attalum
674 884 824 949 acciderat.
841 883 966 947 Invicem
981 886 1058 947 enirn

381 965 546 1037 miserorum
572 966 658 1045 uteris
686 964 812 1046 manibus
837 963 873 1025 ad
899 964 1057 1046 expetenda

382 1044 521 1127 supplicia
534 1073 543 1105 .·
558 1064 586 1106 et
597 1066 664 1126 quos
672 1044 753 1124 paula
764 1064 828 1105 ante
840 1042 987 1105 ministros
1000 1065 1059 1105 ca·

382 1124 430 1185 dis
438 1123 580 1194 habuisti,
595 1124 686 1185 subito
698 1123 731 1184 ab
740 1123 808 1184 aliis
812 1123 892 1201 jubes
905 1122 1058 1187 trucidari.

383 1204 681 1282 Obstrepuntsubinde
690 1205 783 1265 cuncti
790 1204 965 1266 Hermolao.
973 1202 1060 1265 Patet

383 1304 549 1363 supremum
574 1284 722 1345 strinxerat
748 1284 855 1344 fertum
880 1303 1061 1360 percussurus

386 1362 460 1425 haud
468 1363 607 1432 dubie‚ni
615 1363 749 1423 inhibitus
757 1362 1061 1443 essetaregesquippe

384 1442 578 1503 Hermolaum
588 1440 682 1502 dicere
694 1442 788 1520 jussit;
797 1442 936 1519 vpetiitque
948 1459 978 1501 ut
991 1462 1061 1501 cau·

385 1540 435 1592 sas
453 1519 582 1601 supplicii
602 1537 748 1600 augentem
758 1521 900 1600 patienter
916 1519 1063 1585 audirent·

385 1599 473 1682 AEgte
489 1621 559 1681 ergo
577 1599 731 1669 coercitis,
752 1620 842 1661 rursus
859 1600 1059 1663 Hermolaiis:

405 1700 467 1741 uam
477 1678 628 1740 liberaliter
639 1720 649 1750 ‚
662 1680 773 1758 inquit,
786 1680 879 1759 pueris
894 1678 1008 1739 rudibus
1024 1678 1063 1739 ad

385 1700 532 1821 licendum
551 1779 627 1839 tegre
644 1756 782 1839 permittis
798 1766 811 1820 Ι
826 1776 856 1818 at
874 1756 1063 1819 Callisthenis

386 1859 442 1901 uox
455 1858 566 1899 carcere
578 1836 689 1899 inclusa
705 1854 771 1907 est,
795 1838 859 1918 quia
875 1835 952 1898 salus
968 1854 1063 1918 potest

387 1915 491 1979 dicere.
503 1913 561 1976 Cur
570 1917 641 1975 enirn
650 1938 704 1977 non
715 1914 888 1997 producitur,
905 1936 966 1977 curn
976 1917 1063 1979 etiam

387 1994 510 2069 confessi
535 1994 709 2059 audiuntur?
732 2017 826 2077 nempe
851 1996 917 2075 quia
944 1994 1064 2059 liberant

386 2094 482 2137 vocem
492 2073 649 2135 innocentis
663 2074 760 2136 audire
771 2075 889 2145 metuis,
904 2096 937 2135 ac
951 2097 986 2135 ne
998 2075 1064 2137 uul-

386 2170 447 2217 tum
457 2152 565 2233 quidem
578 2155 698 2233 pateris.
708 2155 793 2234 Atqui
804 2153 877 2215 nilril
888 2153 1066 2229 eumfecisse

347 2269 363 2291 u
388 2232 536 2296 contendo.
554 2229 625 2293 Sunt
643 2233 712 2303 lric,
735 2236 781 2312 qui
802 2255 905 2295 mecum
923 2254 980 2295 rem
996 2235 1063 2315 pul-

388 2312 555 2375 clterrimam
578 2312 794 2392 cogitauerunt:
811 2334 890 2375 nemu
911 2332 984 2381 est,
1017 2312 1066 2394 qui

387 2393 531 2455 conscium
544 2390 640 2469 fuisse
655 2391 740 2462 ‚nobis
751 2389 942 2454 Callisthenen
962 2391 1065 2467 dicar;

388 2492 452 2535 cum
470 2472 550 2532 marti
568 2470 633 2531 alim
650 2472 807 2533 destinatus
826 2472 864 2533 sit
877 2496 894 2534 a
904 2472 1068 2551 justissimo

390 2568 419 2612 et
428 2550 633 2629 patientissimo
651 2572 726 2631 rege.
742 2551 813 2613 Hac
830 2574 893 2633 ergo
908 2568 973 2614 sunt
990 2551 1065 2614 Ma·

389 2629 523 2693 cedonum
537 2629 650 2706 praemia
662 2662 682 2700 ‚⁷
692 2651 801 2711 quorum
816 2650 846 2691 ut
857 2654 889 2693 su
908 2652 1027 2693 eruacuo
1041 2651 1071 2694 et

391 2708 503 2772 sordido
514 2709 634 2771 abuteris
644 2710 782 2790 sanguine
791 2720 805 2772 Ι
814 2711 855 2771 Ατ
864 2653 914 2772 tili
925 2732 990 2774 xxx
997 2711 1072 2789 unil-

391 2786 434 2849 lia
446 2787 579 2851 mularum
592 2789 729 2871 captiuum
746 2812 839 2852 aurum
857 2790 982 2860 ueltunt,
1006 2812 1070 2853 curre

390 2868 497 2928 milites
512 2868 583 2929 nihil
598 2868 705 2930 domurn
738 2890 818 2931 rater
828 2869 968 2950 gratuitas
984 2872 1068 2933 eica-

388 2946 477 3020 trices
490 2947 608 3032 relaturi
618 2949 687 3015 sint.
704 2890 777 3034 gua.
787 2969 877 3034 tamea
891 2949 985 3036 omnia
995 2949 1074 3021 tales
