2625 4017
415 535 470 605 158
592 526 915 605 Q.CURT11

412 630 487 692 mari
510 629 690 695 recedentia,
714 648 765 690 rex
787 628 847 706 ejus
868 628 964 688 insulae
987 627 1082 690 Strato
1122 691 1124 695 ,

329 730 339 748 ·
411 708 590 787 possidebas:
601 729 662 783 quo
681 708 710 764 in
726 706 812 765 fideus
831 724 971 787 arrepto,
986 718 1083 770 eastra

411 785 549 848 r'novitad
567 788 665 845 urbem
678 785 841 847 Marathon.
853 788 894 846 lbi
908 788 949 846 illi
960 787 1047 846 literae
1065 811 1082 848 a

412 866 504 927 Dario
517 865 685 925 redduntur:
701 864 800 941 quibus
815 886 846 925 ut
861 868 977 943 superbe
990 868 1080 943 serip-

411 946 447 1005 tis
459 944 642 1005 vehementer
654 943 775 1003 offensus
785 962 838 1005 est.
856 945 996 1020 Praecipue
1014 966 1082 1007 eum

411 1025 526 1092 movit,
549 1025 624 1099 quod
644 1022 749 1082 Darius
768 1024 819 1082 sibi
840 1024 918 1103 regis
938 1025 1081 1095 titulum,

410 1123 465 1163 nec
478 1103 610 1163 eumdem
627 1100 781 1161 Alexandri
798 1103 909 1163 nomini
928 1103 1082 1180 adscripse-

412 1201 465 1244 rat.
477 1182 641 1250 Postulabat
650 1201 746 1269 aurem
754 1182 844 1261 magis
853 1203 939 1258 quarn
949 1186 1081 1259 petebam

409 1279 442 1320 ur
463 1278 576 1340 acceptu
593 1280 735 1338 pecunie,
762 1277 1002 1339 quantamcumque
1024 1279 1082 1323 rore

411 1337 582 1399 Macedonia
594 1357 720 1417 caperes,
740 1355 854 1397 matrem
868 1337 922 1406 sibi
935 1359 967 1399 ac
979 1359 1080 1419 conpu-

407 1414 1080 1499 gemliberospuerestitueremderegnumque,

411 1496 438 1557 ri
460 1494 543 1556 vellet
561 1535 572 1564 ,
591 1493 687 1554 Marte
705 1494 889 1560 contenderet.
911 1494 944 1555 Si
956 1497 1081 1557 'saniora

410 1573 530 1636 consilia
546 1572 657 1633 eundem
674 1573 734 1653 peri
750 1574 911 1664 potuisset,⁴
933 1594 1080 1636 consensus

361 1693 364 1698 «
405 1653 523 1735 passio,
545 1651 654 1713 cederes
670 1652 755 1712 aliem
773 1652 879 1732 imperii
913 1652 993 1713 nilus
1007 1681 1016 1713 :
1031 1676 1079 1714 so-

409 1734 470 1793 cius
483 1731 639 1809 amicusque
652 1750 736 1794 esses.
750 1730 783 1790 ln
795 1752 828 1797 en
840 1752 871 1791 se
903 1731 963 1791 don
975 1732 1080 1794 erdere

405 1830 553 1892 peretum,
568 1828 593 1869 er
606 1808 743 1889 recipere.
755 1809 863 1870 Contra
877 1813 1038 1872 Alexander
1048 1815 1079 1873 in

410 1892 486 1950 hunc
497 1888 621 1965 maxime
633 1889 752 1948 modum
764 1890 920 1967 rescripsit;
934 1888 998 1952 Rex
1010 1890 1079 1953 Ale·

409 1965 628 2038 xanderDurio.
650 1965 733 2027 Celes
742 2010 753 2037 ,
775 1968 852 2047 cujus
871 1989 967 2028 nomen
984 1989 1079 2051 sump-

408 2046 475 2109 sisti
484 2044 610 2115 Durius,
621 2042 737 2105 Graecos
745 2086 755 2114 ‚
764 2048 808 2124 qui
819 2067 894 2106 orum
902 2045 1079 2130 Hellesponti

408 2141 520 2193 senem,
530 2124 703 2203 coloniasque
712 2122 869 2184 Graerorum
880 2123 974 2187 Ionias
982 2168 993 2197 ,
1004 2128 1078 2188 amni

409 2203 488 2267 clude
500 2202 622 2265 uastauit
635 2230 644 2261 :
660 2223 719 2262 cum
731 2224 828 2281 magno
844 2202 942 2263 deiude
954 2207 1079 2267 exercitu

407 2303 482 2344 mure
494 2282 623 2359 trajecit,
637 2280 716 2344 illuso
728 2280 903 2350 Macedoniae
915 2300 942 2342 er
951 2281 1078 2347 Graeciae

407 2360 489 2423 bello.
503 2358 613 2423 Rursus
625 2380 678 2419 rex
695 2357 805 2421 Xerxes
820 2362 915 2440 gemis
934 2362 1078 2441 ejusdem,

408 2440 445 2501 ad
457 2438 648 2519 oppugnandos
666 2458 717 2498 nor
729 2459 788 2499 cum
806 2438 964 2508 immanium
976 2440 1079 2503 burbu-

409 2540 500 2581 rorum
511 2518 598 2598 copiis
615 2516 693 2578 venis
711 2546 720 2577 .·
739 2517 888 2596 quinuvali
902 2517 1002 2610 prelio
1015 2522 1078 2588 vir·

410 2616 455 2659 rus
465 2639 475 2667 ‚
486 2595 667 2660 Mardonium
677 2613 766 2656 tamen
778 2595 890 2676 reliquie
899 2619 928 2657 m
940 2595 1055 2661 Gr'aeeie
1066 2622 1078 2671 ,·

409 2695 439 2738 ur
451 2675 551 2737 absens
562 2695 663 2754 quoque
676 2673 853 2754 popularetur
871 2676 973 2747 urbes,
994 2700 1078 2757 agros

409 2773 511 2816 ureret.
523 2751 681 2834 Philippum
691 2774 754 2813 uero
763 2765 906 2833 parentem
917 2775 1004 2816 meum
1016 2753 1082 2836 quis

409 2832 570 2914 ignoratae
589 2832 627 2891 iis
643 2830 818 2909 interfectum
837 2852 919 2903 esse,
945 2839 1011 2912 q'uos
1030 2835 1076 2896 in·

406 2911 504 2995 gemis
515 2910 641 2993 pecunie
656 2931 705 2993 spe
723 2909 941 2975 sollicitaverunt
957 2916 1044 2980 uestri
1059 2918 1078 2991 ,ἑ
