2625 4017
411 573 461 628 m
496 575 534 637 Q.
569 575 758 631 cnR'rmM
790 573 820 629 ἰ.
854 574 896 632 lt.
966 583 1000 638 19

322 660 430 728 tligendi
459 661 540 722 Cius,
556 662 636 721 Elea,
655 664 807 731 My'lstsaque
823 681 851 715 tt
865 666 999 732 Gergttho

321 736 384 780 uere
395 746 403 780 s
416 728 519 795 quidam
532 728 623 780 ultimo
640 731 701 782 loco
710 732 795 782 Putars
805 733 941 785 nominant.
958 734 998 787 As

321 796 360 847 ille
374 796 442 847 nihil
453 797 543 848 horum
552 796 650 862 reecpit
664 816 671 849 s
685 800 728 848 sed
742 815 772 848 ue
782 799 842 849 tauri
857 799 923 866 regis
937 799 998 850 amit

321 863 403 915 titiam
417 864 551 915 fastidiose
566 863 688 928 sprevisse
700 866 839 924 videretur,
857 866 947 930 petiit,
965 879 996 920 ut

320 933 500 988 Echecratides.
508 934 630 1002 sophista,
651 945 675 984 rt
689 932 855 985 Athenodorus
869 933 992 994 rubrius,

320 999 519 1051 rumDrmararo
534 1014 558 1050 rr
573 1001 690 1068 Spartonr
705 1000 820 1059 Rhodiis,
840 1000 881 1065 qui
896 1000 921 1049 in
936 1014 993 1051 arce

319 1065 431 1116 Sardisna
447 1063 545 1130 captivi
559 1066 722 1125 tenebantur,
739 1069 847 1118 custodia
861 1067 991 1119 librrurrn·

320 1145 368 1184 tur.
383 1134 432 1182 Sed
447 1132 498 1183 hec
514 1130 650 1198 insequens
664 1148 759 1196 tempus
773 1148 911 1183 excurrere.
927 1138 991 1186 Tum

321 1201 345 1249 sd
360 1199 487 1264 Ephesum
501 1199 565 1251 itum
579 1212 633 1258 est,
648 1217 719 1265 quum
728 1215 832 1263 accepto
848 1199 925 1249 cladis
935 1200 994 1249 Per·

321 1266 370 1316 sice
380 1266 473 1318 nuntio
480 1264 625 1333 praesidiarii
632 1267 802 1323 deseruerant,
814 1267 904 1316 duabus
913 1266 993 1327 Ephe·

320 1332 408 1384 sior'um
418 1332 563 1385 triremibus
573 1333 664 1387 avecti.
680 1338 738 1385 Erat
747 1334 813 1384 inter
819 1349 862 1383 eos
869 1333 992 1398 Amyntas

320 1400 459 1452 Anthiochi
474 1401 555 1461 filius,
572 1402 613 1479 qui
624 1416 653 1451 ex
668 1398 813 1452 Macedonia
827 1403 989 1466 profugerat.

320 1470 382 1518 nulla
397 1468 499 1534 quidem
515 1467 603 1531 iniuria
615 1469 732 1525 affectus,
751 1468 794 1517 sed
811 1468 877 1532 quod
893 1465 990 1532 pericu·

320 1535 387 1587 luma
397 1552 457 1601 rege
466 1550 588 1587 metueret
598 1551 684 1602 squem
694 1535 750 1602 quia
759 1533 864 1585 invisum
875 1550 988 1585 exosum·

320 1620 360 1666 que
377 1604 501 1662 habebat,
521 1603 589 1654 illius
603 1603 710 1654 animum
726 1619 755 1652 ex
770 1616 815 1652 suo
831 1601 986 1653 metiebatur.

320 1672 412 1731 Quarto
421 1686 552 1736 postquam
566 1670 679 1722 Sardibus
692 1668 813 1721 movisset
822 1668 883 1726 die,
905 1668 986 1731 Ephe·

319 1752 366 1788 sum
382 1736 485 1788 introiit
498 1738 639 1789 Alexander
652 1755 660 1790 s
673 1736 841 1801 restitutisque
853 1734 985 1793 exulibus,

318 1805 355 1870 qui
371 1821 507 1869 paucorum
520 1804 689 1857 dominatione
704 1803 769 1869 pulsi
782 1807 896 1861 fuerant,
917 1818 986 1851 rem·

318 1872 439 1936 publicam
453 1872 667 1938 populotndidit
680 1873 725 1924 lile
735 1869 856 1922 libertatis
865 1868 907 1919 diu
921 1867 984 1919 desi·

317 1940 402 1989 derare
415 1956 537 2005 compos,
555 1957 597 1991 eos
609 1939 648 2006 qui
664 1942 820 1989 Memnonem
834 1935 984 1987 advocavis-

317 2022 381 2064 unt,
390 2006 432 2072 qui
447 2024 493 2072 que
507 2007 625 2073 templum
635 2004 719 2056 Diana
726 2006 889 2070 spoliassent,
903 2004 927 2052 in
936 2018 983 2068 que

317 2089 345 2123 to
360 2073 470 2139 Philippi
486 2090 589 2125 statuam
605 2072 763 2134 deiecissent,
782 2087 824 2124 aut
840 2067 982 2135 Heropythi

317 2155 499 2192 monumentum
514 2141 674 2198 effodissent,
690 2142 755 2206 qucd
770 2138 899 2190 liberatori
915 2134 983 2186 civi·

317 2209 370 2259 tetis
383 2206 409 2258 in
424 2212 482 2258 foro
491 2208 599 2273 positum
609 2213 704 2264 fuerat,
724 2209 752 2256 ad
761 2205 908 2272 supplicium
922 2219 982 2269 pot-

317 2275 358 2326 eit.
375 2278 411 2325 Ex
427 2274 515 2341 quibus
532 2277 640 2342 Pelagos
657 2292 713 2325 curn
728 2277 800 2324 fratre
815 2272 934 2340 Syrphace
954 2281 983 2320 et

316 2342 481 2408 pamelium,
498 2359 527 2393 ex
543 2341 593 2407 ipsa
610 2343 660 2391 ude
674 2341 702 2389 in
716 2356 787 2405 quam
801 2344 983 2404 confugerant,

315 2410 374 2474 rapti
390 2424 464 2469 sunt,
481 2409 611 2475 statimque
628 2406 751 2472 lapidibus
767 2407 861 2458 obruti.
876 2408 931 2455 lam
950 2418 983 2453 ue
1051 2401 1057 2414 ‘

315 2475 339 2525 in
348 2478 423 2529 cades
437 2489 464 2527 et
476 2475 576 2536 iniurias
591 2476 689 2532 ibatur,
705 2491 760 2525 cum
768 2474 909 2525 Alexander
917 2424 982 2521 iriiu

315 2543 361 2594 bita
377 2543 450 2609 vulgi
465 2542 590 2602 licentia,
614 2541 715 2593 ulterius
731 2558 762 2591 eo
778 2543 809 2593 de
824 2538 928 2606 negotio
944 2538 982 2587 in·

315 2610 392 2675 quiri,
411 2623 455 2662 aut
465 2610 552 2675 cuique
566 2608 706 2659 molestiam
723 2608 831 2660 exhiberi
843 2607 932 2658 vetuit.
950 2604 981 2655 ld

316 2677 411 2741 optimis
428 2677 563 2743 quibusque
580 2676 652 2727 saluti
668 2676 732 2734 fuit3
750 2691 811 2741 quos
825 2691 868 2739 pet
885 2688 983 2723 causam

316 2745 362 2795 reri
373 2743 460 2796 fierive
477 2742 604 2803 criminis,
620 2742 731 2807 ipsorum
740 2742 847 2809 dignitas
861 2756 903 2791 aut
915 2757 982 2804 opu·

314 2808 404 2871 lentii,
419 2808 557 2862 furibunde
571 2810 651 2875 plebis
661 2810 727 2861 odiis
742 2809 893 2873 avaritiaeque
908 2810 983 2866 obie-

315 2876 390 2931 cisset.
407 2883 479 2930 luter
497 2878 547 2927 hec
561 2880 689 2943 Magnetes
706 2891 733 2926 et
746 2876 864 2925 Tralliani
883 2877 982 2939 legatos

315 2945 426 3007 mittunt,
436 2945 570 3009 imperium
580 2942 755 3007 accepturiAEb
764 2945 917 2995 Parmenionr
925 2956 980 2990 cum

316 3016 409 3087 trinus
419 3015 532 3089 prditum
548 3010 676 3073 milibus,
695 3011 856 3082 equitibusque
873 3008 982 3071 ducentis
