2625 4017
302 555 368 639 ys,
467 549 534 632 jo,
577 549 828 618 curnrr

304 655 386 720 amni
396 654 479 717 sitam
491 654 584 716 erecti
596 654 686 731 paulo
695 652 808 714 lentius
822 694 835 723 ,
851 651 921 733 quia
932 669 998 718 ettr⁴

308 753 427 798 tusaestu
436 734 996 811 reverberabamr,applicantclassem;

307 835 337 878 et
350 816 385 874 ad
397 831 576 875 commeatus
589 811 728 889 petendos
737 813 930 883 discurntnr,
948 836 994 876 se·

303 895 367 956 curi
390 916 469 954 casus
493 894 579 969 ejus,
603 890 653 969 qui
679 892 856 966 supervenit
879 893 996 975 ignatis.

305 973 409 1036 Tertia
429 974 518 1034 ferme
542 970 613 1031 liora
636 987 720 1042 erat,
740 992 815 1031 cum
836 991 914 1034 stata
933 975 994 1036 vics

304 1052 441 1116 Oceanus
452 1070 606 1111 exastuans
617 1048 716 1109 miehi
729 1052 823 1127 ooepit
837 1091 849 1119 ,
875 1071 907 1113 et
920 1072 994 1115 retro

307 1132 415 1194 flumen
435 1150 548 1209 urgere.
571 1128 662 1206 Quod
680 1129 781 1205 primo
801 1129 994 1203 coercitum,

305 1212 409 1272 deinde
426 1210 624 1270 vehementius
642 1211 779 1285 pulsum
802 1211 926 1287 majore
940 1215 995 1273 im-

305 1310 375 1369 petu
393 1291 542 1350 adversum
560 1290 719 1369 agebatur,
742 1303 838 1365 quam
856 1293 995 1354 torrentia

306 1371 444 1448 praecipiti
472 1370 558 1429 alveo
581 1384 738 1427 incurrunt.
766 1368 881 1445 Ignota
906 1394 947 1432 vu
978 1392 996 1432 o

305 1449 370 1508 freti
383 1468 481 1507 natura
495 1466 575 1515 erat,
590 1465 774 1523 monstraque
787 1464 820 1505 et
832 1447 886 1509 irae
899 1451 997 1512 Deum

304 1526 408 1587 indicia
419 1546 533 1587 cernere
544 1525 912 1590 videbantur.ldemtidem
922 1532 996 1591 intu-

304 1626 432 1668 mescere
454 1626 557 1674 mare,
578 1622 609 1665 et
624 1604 653 1663 in
674 1625 794 1681 campos
812 1609 911 1682 paulo
931 1628 996 1671 ante

306 1687 398 1747 siccos
415 1686 582 1746 descendere
599 1684 788 1761 superlitsum.
805 1686 942 1766 Jamque
958 1692 998 1751 le·

304 1767 379 1825 natis
396 1766 536 1845 navigit,
552 1784 582 1824 et
594 1781 654 1823 tota
672 1766 762 1823 classe
777 1762 933 1842 dispersa,
949 1768 997 1848 qui

306 1846 429 1921 expositi
440 1866 542 1912 erant,
565 1843 690 1919 undique
705 1841 740 1902 ad
760 1863 853 1905 naves
868 1849 995 1926 trepidi,

306 1943 336 1983 et
354 1923 512 2001 improviso
529 1924 608 1982 malo
624 1921 739 1981 attoniti
753 1942 924 1991 recurrunt.
943 1926 997 1988 Sed

304 2004 335 2062 in
348 2006 471 2064 tumultu
486 2002 631 2061 festinatio
649 2019 766 2078 quoque
781 2005 867 2064 tarda
884 2025 942 2069 est.
955 2006 997 2068 Hi

304 2082 397 2143 contis
414 2082 528 2160 nauigia
544 2082 725 2158 appellebant
735 2101 750 2151 3·
765 2079 796 2139 hi
808 2081 996 2148 dum-remor

304 2163 395 2238 aptari
411 2161 617 2238 prohibebant,
638 2160 843 2225 consederant.
861 2164 995 2239 Quidam

305 2243 458 2322 enavigare
474 2246 677 2318 properantes,
698 2239 823 2299 sednon
842 2262 997 2323 exspem.

307 2321 363 2388 tis,
382 2322 430 2397 qui
441 2320 594 2379 simul-esse
604 2318 763 2386 debebant,
782 2322 891 2383 clauda
908 2343 940 2386 et
953 2326 997 2385 in·

306 2398 411 2459 habilia
424 2400 537 2480 navigia
550 2398 682 2478 languide
695 2399 918 2463 moliebantur:
933 2405 996 2468 alig

305 2480 425 2539 navium
435 2479 594 2539 inconsulte
606 2496 716 2537 ruentes
727 2498 786 2537 non
796 2498 999 2560 receperant}

303 2559 464 2636 pariterque
479 2578 508 2618 et
524 2558 675 2618 multitudo
690 2597 700 2626 ,
719 2574 749 2618 et
763 2560 900 2633 paucitas
914 2563 995 2625 festi·

303 2657 405 2697 nantes
430 2641 605 2701 morabatur.
629 2636 751 2696 Clamor
774 2637 846 2698 hinc
872 2661 994 2723 exspet-
1023 2705 1027 2712 ,

305 2732 384 2783 tare,
397 2715 464 2777 hinc
475 2718 515 2776 ire
525 2716 703 2795 jubentium,
714 2716 895 2794 dissonaequo
906 2743 996 2784 vocet

304 2815 445 2872 nusquam
462 2796 538 2855 idem
551 2818 585 2856 ac
600 2815 691 2856 utrum
704 2794 911 2871 tendentium,
931 2820 994 2863 nott

306 2877 459 2936 oculorum
475 2877 564 2936 modo
582 2898 687 2945 usum,
702 2875 749 2936 sed
766 2876 858 2937 eriam
875 2882 993 2942 aurium

304 2955 491 3024 abstulerant.
501 2956 551 3020 Ne
567 2956 598 3017 in
614 2955 853 3040 gubernatoribus
870 2960 994 3035 quidem

830 3056 1000 3141 quidquam
