2625 4017
394 534 427 588 ιο
494 516 523 568 J.
556 516 749 569 antitisti.
785 513 985 571 suentana

393 602 503 656 exercitu
513 602 623 667 Philippi
641 602 786 652 mercenarii
799 606 940 657 Graecorum
957 604 1072 666 milites¹

392 671 435 740 qui
446 686 472 721 et
481 667 527 735 ipsi
538 706 545 728 ,
566 688 621 728 cnm
629 669 655 719 in
664 668 813 720 discriminis
823 689 915 737 partem
924 672 1070 733 venissent²

392 739 583 791 commodorum
598 752 708 787 exsortes
723 736 806 787 haberi
824 741 928 790 moleste
947 741 1068 795 ferebant.

391 808 454 859 Inde
469 822 522 856 orta
539 804 662 855 seditione
677 807 709 854 ad
725 821 809 854 manus
826 823 927 857 ventum
942 824 981 857 cst
996 826 1002 858 :
1018 824 1068 858 tant

392 872 444 924 acri
467 871 614 931 certamine,
634 886 662 922 ιιι
677 871 762 923 multis
778 872 900 939 utrimque
924 875 1070 926 cadentibus

392 940 468 992 etiam
483 957 525 990 rex
543 940 691 990 sauciaretur
707 957 714 1000 3
737 944 871 990 transfosso
889 945 1003 1002 femore,
1022 960 1070 993 eo·

392 1010 497 1073 demque
506 1010 609 1058 vulnere
623 1006 755 1057 interfecto
765 1024 828 1072 equo
839 1026 846 1058 a
856 1025 924 1059 tanta
933 1009 971 1061 vis
985 1010 1070 1060 adacti

391 1076 457 1139 teli,
474 1090 590 1141 tantaque
610 1074 690 1126 virtus
706 1072 834 1125 inferentis
854 1074 932 1126 ictum
948 1076 1006 1129 fuit.
1029 1076 1069 1128 Ibi

391 1159 446 1196 tum
463 1159 518 1194 ante
533 1159 618 1193 omnes
632 1140 751 1206 prosiluit
768 1142 927 1202 Alexander,
945 1146 1067 1206 jacentem

391 1228 441 1279 que
457 1212 545 1278 clypeo
561 1225 711 1277 protegens,
733 1208 876 1260 irruentium
891 1210 916 1260 in
931 1227 986 1261 eum
1002 1211 1067 1260 alios

391 1277 505 1336 occidit,
524 1277 588 1332 alios
601 1276 693 1328 avertit
706 1276 732 1325 in
747 1280 839 1341 fugam.
858 1282 894 1328 lta
910 1277 955 1327 filii
973 1277 1068 1342 pietate

391 1363 502 1399 servatus
520 1360 580 1403 est,
601 1342 787 1393 abscedentibus
801 1343 841 1408 qui
857 1344 995 1408 oppressuri
1010 1349 1068 1395 sue-

390 1428 447 1470 rant
463 1431 471 1473 3
491 1430 522 1462 eo
541 1410 679 1475 promtius,
698 1411 765 1475 quod
780 1411 937 1462 interfectum
954 1412 1067 1462 credide-

391 1496 447 1533 rant
459 1498 465 1531 ι
478 1480 513 1529 sic
528 1478 576 1543 ipsi
591 1477 701 1528 vulneris
717 1476 842 1527 atrocitati
858 1478 935 1529 vitam
952 1480 1066 1530 debuisse
1081 1503 1086 1510 ·

391 1547 482 1607 visus,
506 1544 595 1597 mortis
609 1544 727 1610 opinione
746 1560 851 1595 mortem
868 1546 965 1611 cffugit.
983 1546 1067 1596 Praeda

392 1616 459 1666 inter
477 1612 703 1665 consternationem
724 1611 810 1665 amissa
830 1627 876 1665 est
901 1617 1016 1665 Ceterum
1036 1630 1069 1665 eit

391 1684 495 1734 vulnere
520 1679 660 1731 claudicare
685 1695 809 1738 coactus,
834 1698 888 1731 cum
912 1680 986 1729 initio
1011 1698 1068 1732 eam

390 1749 505 1814 corporis
532 1748 737 1799 deformationem
759 1764 827 1813 aegro·
852 1747 934 1797 animo
957 1752 1035 1798 ferret
1056 1785 1067 1807 ,

391 1815 548 1872 memorabili
571 1817 603 1867 ad
618 1815 789 1880 posteritatem
817 1814 981 1865 adolescentis
999 1833 1065 1865 voce

390 1885 502 1939 monitus
518 1898 572 1943 est,
589 1902 635 1935 nun
648 1885 723 1936 irasci
738 1885 851 1939 numeri,
869 1889 936 1948 cujus
949 1901 1019 1950 opera
1034 1884 1069 1932 od

390 1958 500 2024 singulos
513 1969 612 2030 gressus
625 1968 674 2001 suae
690 1951 793 2000 virturis
810 1952 986 2002 admoneretur.
1002 1949 1066 1999 Satis

390 2023 440 2087 jam
455 2023 541 2087 glorta
556 2016 719 2083 potentiaque
728 2014 847 2080 Philippo
860 2016 983 2082 quaesitum
994 2032 1065 2077 erat;

390 2088 451 2140 satis
465 2087 539 2139 etiam
548 2084 714 2150 periculorum
730 2085 937 2148 atquevulnerum
951 2085 1066 2149 pertule-

389 2172 430 2208 rat
443 2175 451 2207 a
466 2154 486 2205 si
505 2153 613 2220 quietem
631 2151 683 2216 pati
707 2166 791 2215 posset
813 2151 906 2201 animus
928 2150 1064 2203 ambitione

390 2241 490 2275 vecors.
506 2219 659 2273 Tributarios
672 2218 814 2286 lllyriorum
829 2221 992 2279 Macedonas,
1007 2236 1064 2269 orn-

382 2284 460 2343 ¹aium
480 2306 530 2341 non
552 2286 690 2338 vicinorum
712 2288 806 2343 modo,
829 2288 871 2336 scd
893 2285 966 2337 etiam
986 2288 1064 2353 longe

390 2358 535 2412 dissitonm
550 2352 666 2405 dominos
680 2353 809 2404 effecerat:
820 2352 943 2403 Triballos
958 2355 1064 2421 subege-

390 2443 430 2482 rat
440 2445 447 2477 a
458 2421 587 2477 Thraciam
597 2422 735 2472 habebatin
744 2436 867 2486 potestate
880 2440 885 2471 :
900 2420 984 2472 multis
995 2423 1066 2473 Grae-

391 2511 479 2545 eorum
495 2490 594 2557 populis
608 2488 762 2555 imperabat3
781 2488 842 2538 alios
856 2504 939 2547 metu,
955 2502 997 2539 aut
1018 2490 1064 2539 lar-

392 2560 530 2628 gitionibus
538 2556 639 2608 tenebat
651 2556 782 2609 obnoxios·
793 2555 924 2605 Thessalos
932 2556 1060 2616 Daochus,

394 2629 505 2689 Cineas,
520 2626 700 2691 Thrasydaeus‚
720 2641 774 2675 cum
786 2622 880 2673 Eudico
895 2638 922 2674 et
936 2623 1003 2673 Simo
1014 2625 1064 2673 La-

393 2690 496 2755 rissaeis,
510 2693 618 2744 Arcades
633 2692 764 2750 cercida,
778 2689 958 2758 Hieronymus,
976 2692 1064 2742 Eucal-

392 2763 479 2831 pidasz
498 2758 609 2827 Argivos
631 2760 742 2825 Myrti‘s,
763 2758 908 2820 Teledamus
927 2759 1038 2811 Mnaseas
1057 2775 1070 2821 ς

392 2832 467 2885 Eleos
475 2828 623 2884 Euritbcus,
643 2826 797 2886 Cleotimus‚
815 2824 1006 2886 Arittaechmus,
1025 2843 1065 2877 re-

391 2896 436 2966 gio
447 2900 505 2963 jugo
517 2893 689 2945 subdiderant:
700 2891 836 2945 Messenios
844 2892 961 2944 Philiadae
971 2893 1061 2953 liberi,

391 2966 467 3027 Neon
479 2980 507 3019 et
518 2962 700 3032 Thrasplochus
707 2979 718 3027 3
733 2959 861 3034 Sicyonios
879 2959 1020 3017 Aristratut
1035 2976 1066 3016 ea
