2625 4017
427 540 617 620 [IBER
666 556 743 625 rx,
859 557 921 632 urs

289 653 384 721 Coe.
404 656 465 720 VI.
489 660 553 720 Rex
574 676 682 738 septem
703 658 801 719 diebus
821 675 923 721 curato

249 738 388 807 vulnere,
410 738 542 799 necdum
553 741 673 799 obducta
684 738 835 807 cicatrice,
852 758 921 799 cum

249 818 371 878 audisset
390 816 564 877 convaluisse
582 817 652 897 apud
670 816 798 876 barbaros
810 814 922 893 famam

249 896 350 957 mortis
361 917 418 957 sun
430 917 443 967 ‚·
462 895 565 955 duobus
575 896 699 976 navigiis
708 894 837 974 junctis,
859 912 922 955 stn-

248 975 291 1035 tut'
305 974 334 1034 in
345 975 462 1035 medium
474 974 592 1053 undique
604 974 778 1055 conspicuum
790 972 923 1035 taberna*

249 1052 340 1114 culum
357 1056 454 1125 iussit,
470 1076 506 1115 ex
523 1074 573 1133 quo
585 1076 616 1115 se
632 1052 788 1115 ostenderet
800 1050 923 1133 periisse¹

246 1131 432 1193 credentibus.
442 1133 672 1213 Conspectusque
682 1136 716 1192 ab
725 1134 828 1193 incolis
839 1152 920 1209 spem

246 1211 374 1272 hostium
391 1213 463 1273 falso
481 1215 580 1274 nuntio
598 1231 766 1289 conceptam
785 1211 920 1275 inhibuirs

246 1290 581 1355 Secundodeindeamne
591 1293 724 1362 defluxit,
739 1293 918 1370 aliquantum

246 1370 389 1432 intervalli
412 1394 429 1431 a
453 1391 545 1438 cetera
566 1374 653 1434 classe
675 1373 858 1450 praecipiens,
880 1390 918 1432 ne

245 1451 326 1527 quies
352 1452 466 1530 corpori
489 1452 616 1513 invalido
643 1451 734 1512 adhuc
760 1450 918 1512 necessaria

245 1530 329 1607 pulsu
340 1531 685 1608 remorumimpediretur.
696 1531 827 1607 Quarto,
838 1546 919 1607 post-

244 1629 333 1686 quam
352 1610 486 1689 navigare
505 1629 650 1689 coeperat,
672 1610 717 1669 die
736 1611 864 1688 pervenit
885 1609 918 1669 irr

243 1688 396 1766 regionem
407 1688 546 1749 desertam
557 1689 672 1766 quidem
684 1690 719 1747 ab
730 1689 853 1757 incolis,
869 1687 918 1748 sed

243 1767 389 1829 frumento
401 1785 430 1828 et
440 1769 588 1845 pecoribus
599 1767 919 1839 abundantemPlacuis

242 1846 269 1906 is
282 1848 360 1906 locus
370 1866 398 1907 et
407 1848 439 1905 ad
452 1865 550 1917 sunm,
564 1867 592 1908 et
602 1848 636 1907 ad
645 1847 918 1923 militumrequiem·

244 1927 313 1985 Mos
323 1945 383 1987 erat
397 1925 567 2005 principibus
578 1927 739 1988 amicorum
751 1967 763 1997 ‚
777 1945 809 1988 er
820 1944 917 1987 custo-

242 2004 323 2064 dibus
336 2008 482 2083 corporis‚
501 2010 639 2068 excubare
653 2024 718 2068 ante
731 2006 914 2085 praetorium.-

243 2085 356 2160 quoties
379 2087 438 2168 regi
464 2087 579 2147 adversa
601 2087 735 2148 valetudo
762 2085 918 2147 incidissete

243 2162 314 2225 Hoc
336 2181 397 2223 rum
419 2184 501 2224 more
522 2185 635 2242 quoque
657 2184 769 2225 servato
792 2162 920 2234 universi

242 2241 409 2305 cubiculum
425 2242 484 2313 eius
498 2244 614 2304 intrant.
629 2244 682 2303 Ille
700 2241 857 2311 sollicitus,
879 2259 917 2303 ne

241 2320 309 2400 quid
323 2321 392 2380 novi
404 2320 553 2389 afferrent,
575 2324 641 2399 quin
656 2323 740 2383 simul
755 2337 891 2383 venerant
903 2340 916 2394 ς

242 2418 449 2479 percontatur,
468 2421 533 2460 nurn
550 2399 669 2460 bostium
685 2420 781 2461 recens
799 2399 916 2480 nuntia·

242 2496 317 2541 retur
326 2477 472 2542 adventus.
482 2480 523 2541 At
532 2479 681 2547 Craterus,
693 2480 740 2541 cui
750 2480 925 2547 mandatum,

241 2575 321 2627 erat,
335 2558 534 2621 utamicorum
544 2581 640 2639 preces
650 2561 783 2637 perferret
791 2558 825 2619 ad
834 2578 914 2632 eum;

242 2636 379 2699 Credisne
391 2679 402 2707 ,
413 2639 504 2717 inquit
515 2681 525 2707 ,
538 2638 657 2701 adventu
670 2638 760 2719 magis
774 2637 892 2698 hostium
899 2679 913 2709 ,

241 2735 273 2776 ur
279 2718 338 2794 jorn
351 2716 381 2776 in
392 2716 466 2778 valdo
478 2718 679 2787 consisterent,
696 2738 774 2792 quarn
792 2738 857 2778 rura
868 2736 917 2777 sa-

241 2794 311 2856 lutis
324 2813 400 2864 tun,
424 2815 453 2857 ur
470 2818 541 2857 nunc
554 2816 597 2857 est
609 2796 660 2857 ribi
670 2795 737 2857 vilis
751 2838 762 2865 ,
784 2816 835 2855 nos
851 2813 916 2855 esse

241 2874 407 2935 sollicitos?
425 2874 773 2953 quantalibetvisomnz'urrr
784 2873 920 2956 gentium
964 2889 967 2894 ’

241 2953 380 3037 conspiret
400 2952 430 3016 in
450 2976 501 3020 nos
512 2975 527 3035 ,·
548 2954 661 3041 inpleat
681 2955 770 3020 armis
793 2952 931 3036 virisque·
