2625 4017
489 563 683 627 LIBER
721 565 815 629 111.
940 579 995 640 1t9'

315 662 373 729 nisi
387 683 462 725 nunc
476 662 600 736 dixero,
623 664 698 725 olias
710 665 891 757 nequidquam
905 666 997 748 confi·

314 746 406 809 tabor.
423 742 482 805 Hic
498 744 571 804 tanti
587 744 734 825 apparatis
751 765 916 817 exercitus,
936 746 1000 811 dac

314 843 357 887 tot
372 823 522 904 gentium,
546 841 574 883 et
590 823 675 884 totius
689 822 817 886 Orientis
834 827 929 888 excita
944 848 997 889 se·

316 903 402 966 dibus
413 901 475 963 suis
488 899 595 972 moles,
606 899 745 981 finitimis
758 923 848 984 potest
863 926 925 967 este
937 925 996 968 ter·

314 982 412 1046 ribilis
425 1008 436 1041 .·
451 981 523 1042 nitet
528 1001 647 1063 purpura
658 1004 776 1063 auroque
785 1024 795 1054 ‚
802 981 898 1065 fitlget
908 987 998 1050 armis

318 1082 347 1125 et
359 1060 521 1143 opulentia,
538 1062 723 1141 quantam‘qui
735 1061 821 1123 oculis
832 1084 886 1124 non
903 1064 998 1127 sub'e·

318 1163 406 1211 cere,
430 1139 534 1202 animis
555 1139 701 1221 concipere
718 1162 773 1202 non
790 1160 918 1223 possunt.
940 1088 999 1206 §aa

318 1219 509 1285 Macedonum
530 1218 607 1280 acies
627 1236 706 1279 torva
725 1241 794 1282 sane
815 1239 842 1281 et
862 1220 1001 1296 inculta,

318 1298 578 1382 clypeishascisque
589 1297 877 1371 immobilescuneos‚
895 1321 1000 1363 ercon-

310 1380 391 1460 ferta
402 1379 498 1441 robora
513 1379 639 1440 uirorum
650 1378 733 1458 tegit.
751 1377 810 1461 Ipsi
821 1380 998 1472 phalangem

316 1477 419 1523 uocant
436 1457 563 1541 pediturn
583 1456 685 1518 stabile
705 1478 815 1539 agmen.
838 1458 892 1523 Vir
906 1482 966 1523 utto
985 1502 1000 1534 ,

317 1540 409 1602 armis
426 1559 504 1600 arna
516 1556 644 1599 conserta
657 1556 723 1598 sunt
741 1565 752 1602 t
769 1539 806 1600 ad
823 1560 916 1601 nuturn
932 1561 995 1602 nto·

316 1619 412 1682 nentis
423 1618 547 1688 intenti,
559 1615 637 1694 sequi
649 1616 751 1697 signa,
762 1619 875 1681 ordines
884 1641 998 1683 servate

319 1698 458 1761 didiclre.
485 1694 569 1777 Quod
589 1696 765 1775 imperatur,
790 1719 884 1759 ornnes
903 1720 994 1761 exau·

319 1778 423 1841 diunt:
437 1776 593 1847 obsistere,
610 1774 777 1848 circumire,
799 1776 998 1842 discurrentia

319 1880 425 1930 cornu,
445 1875 552 1918 mutare
561 1877 704 1997 pugnarn,
721 1877 776 1918 non
787 1856 870 1919 duces
883 1858 997 1939 tnagis,

318 1961 399 2021 quarn
411 1936 516 1999 milites
527 1958 560 1998 ca
572 1936 641 2000 lent.
660 1933 700 1996 Et
711 1959 746 1998 ne
756 1936 819 1999 auri
831 1939 998 2018 argentique

318 2018 411 2083 studio
431 2015 520 2079 teneri
537 2033 640 2097 putes,
662 2014 752 2077 adltuc
774 2016 825 2079 illa
845 2016 998 2099 disciplina

315 2115 519 2184 paupertatem
559 2096 629 2157 istra
642 2096 734 2161 stetit.
746 2094 888 2178 Fatigatis
900 2098 999 2158 hunus

320 2178 410 2244 cubile
427 2196 471 2238 est
483 2202 493 2237 .-
506 2177 606 2267 ciur,
621 2196 700 2268 putot
712 2195 864 2259 occupant,
882 2176 971 2267 satiat
983 2200 1000 2239 t

322 2279 444 2342 tempora
456 2276 546 2319 somni
566 2276 708 2327 arctiora,
746 2279 807 2318 uatn
820 2277 911 2319 noctis
923 2273 1002 2324 sunt.

317 2341 384 2404 darn
395 2334 527 2399 Thessali
539 2356 554 2396 e
571 2336 662 2406 uites,
675 2355 702 2397 et
743 2358 900 2405 cornanes,
911 2333 998 2396 AEto·

318 2421 414 2501 lique,
437 2416 544 2479 inuicta
554 2357 625 2477 lello
637 2437 736 2477 manus
748 2456 759 2486 ,
773 2413 875 2491 fundis
893 2412 972 2474 credo
986 2453 1001 2487 ,

319 2520 348 2561 et
364 2496 455 2560 hastis
465 2498 530 2577 igne
542 2495 651 2557 durotis
668 2493 845 2576 repellentur.
869 2492 937 2554 Pari
950 2516 1001 2566 ro·,

320 2578 387 2641 hore
398 2598 464 2659 opus
477 2594 530 2637 est.
544 2574 578 2635 In
587 2574 640 2636 illa
651 2593 741 2646 terra,
753 2595 813 2654 qua
823 2572 873 2634 lios
881 2573 1000 2655 genuit,

321 2657 431 2721 auxilia
446 2655 592 2738 querenda
605 2672 670 2716 sunt
682 2681 692 2715 .·
706 2673 852 2735 argentum
864 2653 939 2714 istud
950 2671 999 2721 ote

321 2760 373 2817 pue
384 2758 479 2800 aurunt
497 2735 534 2797 ad
553 2734 755 2797 conducendum
772 2731 890 2796 militent
908 2735 1002 2808 tnitte.¹

322 2818 392 2880 Erat
407 2818 500 2880 Dario
520 2817 591 2877 mite
612 2836 646 2877 ac
665 2814 812 2876 tractabile
828 2814 998 2899 ingenium,

325 2900 378 2959 nisi
390 2920 470 2962 suam
482 2917 613 2960 naturam
623 2895 790 2976 plerumque
806 2895 919 2959 fortuna
932 2918 998 2965 corz

327 2997 478 3058 rumperet.
488 2974 919 3059 ltaque,reritatisimpatiens‚
931 2975 999 3052 ho„
1021 3007 1025 3014 ·
