2625 4017
379 491 445 621 313
557 539 889 621 ..3331111311

372 643 515 704 lfetreos
497 664 603 703 cuneos
614 683 624 712 ‚
636 664 707 719 quos
718 645 790 703 inter
800 664 868 702 saxa
879 634 1059 733 defigerent‚'

380 720 544 798 tahdosque
555 723 634 782 funes
643 726 788 798 parabant.
799 722 898 782 Rex
873 743 1056 783 circumvec-

382 817 426 860 tus
437 821 546 876 petram
559 840 569 868 ‚
591 822 644 877 qua
656 802 775 861 minime
788 820 869 877 asper
882 822 916 861 ac
928 822 1051 879 praerup-

379 897 423 942 tus
433 880 522 939 aditus
532 880 693 950 videbaturt
710 881 828 940 secunda
840 880 939 960 vigilia
950 919 961 948 ,
977 882 1056 957 quod

380 960 454 1020 bene
465 978 608 1027 verteret,
622 959 734 1049 ingredi
752 960 838 1032 jubet.
851 960 897 1019 Illi
910 960 1056 1021 alimentis

379 1036 411 1102 111
420 1038 535 1097 biduum
546 1038 643 1098 sumtis
652 1039 768 1117 ,gladiis
778 1038 864 1098 modo
865 1056 959 1130 'atque
969 1036 1056 1100 hastis

381 1135 481 1175 armati
476 1117 584 1177 subire
600 1134 755 1194 coeperunt
769 1118 814 1177 Ac
829 1119 923 1195 primo
937 1118 1056 1194 pedibus

379 1194 496 1274 ingressi
514 1197 717 1257 sumt-deinde
734 1197 810 1255 utin
829 1215 967 1273 praerupta
982 1217 1053 1273 per·

380 1294 500 1337 ventum
517 1295 578 1344 est,
603 1277 651 1335 alii
670 1275 797 1334 manibus
812 1276 967 1334 eminentia
986 1296 1056 1337 saxa

381 1355 529 1444 complexi
541 1357 672 1414 levatere
688 1372 777 1413 semet
789 1376 798 1426 3
820 1356 866 1414 alii
878 1354 994 1428 adiectis
1010 1355 1057 1415 fu-

378 1432 460 1492 nium
483 1435 589 1508 laqueis
608 1452 742 1497 evasere,
766 1454 830 1491 cum
851 1453 958 1493 cuneos
979 1434 1055 1494 inter

380 1532 447 1572 saxa
464 1511 634 1592 defigerent,
654 1512 753 1587 quibus
767 1512 852 1590 gradu
836 1534 866 1571 s
879 1512 1016 1572 ‹ubrnde
1009 1534 1057 1572 131-

377 1591 516 1654 sisterent.
538 1591 653 1652 Diem
645 1608 719 1651 331333
738 1609 846 1651 metum
866 1593 1056 1668 laboremque

378 1675 611 1732 consumserunt.
628 1671 683 1731 Per
702 1689 799 1746 aspera
822 1671 912 1730 enixis
935 1670 1054 1731 duriora
1115 1734 1118 1742 ,

379 1751 540 1817 restabant,
560 1762 722 1810 ercte‘scere
742 1749 860 1809 altitudo
874 1767 958 1827 petrae
973 1749 1070 1814 uide·'

378 1831 470 1891 hatur.
498 1830 551 1889 1113
571 1850 640 1890 vero
670 1828 834 1888 miserabilis
855 1846 915 1890 etat
935 1828 1055 1899 facies,

377 1917 446 1976 cuin
458 1909 499 1976 ii,
520 1930 592 1984 quos
610 1908 746 1968 instabilis
764 1907 864 1986 gradus
881 1908 1024 1967 fefellerat
1041 1946 1053 1977 ‚

379 2006 416 2047 ex
428 1987 561 2063 praecipiti
574 1988 802 2048 devolverentur.
824 1988 897 2046 Mox
909 1987 1011 2059 eadem
1022 1987 1054 2046 in

376 2084 408 2128 ae
427 2066 558 2141 patienda
571 2068 657 2127 alieni
676 2088 753 2127 casus
766 2067 928 2125 ostendebat
944 2086 1053 2155 exem-

375 2144 467 2223 plum.
485 2144 540 2205 Per
551 2145 601 2207 has
611 2165 706 2206 tamen
719 2143 894 2205 difficultates
905 2144 1053 2205 enituntur

377 2224 409 2284 133
436 2224 572 2285 verticem
596 2226 727 2291 montis,
754 2245 853 2283 omnes
881 2224 1052 2303 fatigatione

376 2303 535 2366 continuari
529 2306 652 2365 laboris
669 2302 781 2375 affecti;
804 2303 917 2379 quidam
936 2304 1053 2365 multati

374 2401 455 2461 parte
473 2387 689 2454 membrorum3
708 2383 866 2459 pariterque
881 2403 930 2442 eos
943 2402 972 2442 et
989 2404 1052 2443 nox

377 2478 407 2523 et
418 2484 533 2522 somnus
552 2463 698 2553 oppressit.
714 2461 810 2521 Stratis
821 2462 924 2538 passim
940 2482 1052 2554 corpo·

375 2540 470 2603 ribus
462 2564 492 2602 tn
508 2542 591 2603 inviis
608 2543 676 2602 33131
690 2541 791 2618 asperis
802 2562 936 2601 saxorum
949 2580 958 2609 ‚
972 2542 1053 2618 peri-

374 2621 434 2682 culi
453 2622 582 2681 instantis
602 2622 708 2680 obliti
700 2641 730 2680 tn
743 2620 838 2680 lucem
857 2620 1052 2696 quieverunt:

375 2699 546 2777 tandemque
562 2701 641 2760 velut
658 2720 695 2761 ex
713 2699 773 2790 alto
787 2717 889 2776 sopore
908 2700 1054 2772 excitati,

376 2780 502 2841 occultas
512 2779 725 2856 subjectasque
717 2779 782 2856 ipsis
793 2777 912 2839 valles
891 2798 1029 2839 rimantes
1040 2818 1052 2847 ‚

374 2859 466 2950 ignari
478 2859 507 2918 in
519 2880 582 2935 qua
588 2876 666 2935 parte
677 2876 760 2935 petrae
778 2875 854 2917 33333
868 2856 910 2916 vis
920 2854 1051 2918 hostium

375 2938 489 3004 condita
500 2955 594 3000 esset:
608 2938 721 3001 fumum
732 2959 804 3017 spec
801 2961 829 3002 ts
845 2935 916 2999 infra
928 2956 959 2997 se
973 2938 1054 3016 ipsos
