2625 4017
332 557 391 624 399
508 540 555 622 Q.
594 539 838 604 cunrrr

328 640 514 705 vexationem
527 641 644 702 invalidi
659 640 789 718 corporis
797 638 858 718 pati
869 660 930 701 non
944 660 1009 721 po.-

328 740 419 791 tetat,
436 742 485 799 per
499 742 581 781 cxxx
600 738 696 794 tamen
713 720 799 779 stadia
810 721 921 797 insequi
937 742 1008 797 per-

327 802 478 863 severavit.
500 801 622 877 Jamque
648 800 794 876 linquente
819 800 918 863 animo
946 801 1005 863 suis

327 881 480 958 precepit,
495 897 525 938 ut
533 877 619 938 donee
631 876 702 941 lucis
710 875 815 955 aliquid
827 881 1006 957 superesset,

322 956 493 1051 fugientium
503 956 592 1037 tergis
601 956 849 1034 inbaererenfflpse
857 956 1004 1021 exhaustis

329 1054 417 1099 errem
428 1038 516 1098 animi
528 1038 653 1104 viribus,
675 1037 704 1095 in
717 1054 807 1097 castra
823 1057 852 1097 se
871 1038 1005 1114 recepit,

329 1116 470 1195 reliquum
485 1116 615 1177 substitit.
637 1114 821 1176 Transierant
835 1115 894 1193 jam
906 1114 1005 1179 Liberi

329 1196 415 1274 patris
435 1196 591 1265 terminos;
611 1215 733 1271 quorum
750 1214 938 1256 monumenta
958 1198 1004 1258 lae

330 1274 407 1352 pides
416 1293 496 1335 erant
509 1275 609 1334 crebris
620 1273 776 1335 intervallis
790 1275 937 1350 dispositi,
958 1296 1007 1336 ar·

331 1356 622 1430 boresqueprocerae,
643 1373 762 1428 quarum
773 1354 878 1429 stipites
898 1352 1006 1417 hedera

330 1451 505 1492 contexerat.
514 1432 566 1490 Sed
577 1431 750 1492 Macedonas
759 1433 799 1498 ira
808 1433 923 1523 longius
932 1454 1004 1512 pro-

329 1510 435 1572 vexit:
455 1512 558 1588 quippe
575 1510 667 1569 media
682 1510 741 1569 fere
760 1530 845 1571 noete
864 1532 894 1569 m
912 1532 1004 1574 castra

329 1590 488 1659 redierunt,
501 1590 596 1648 multis
609 1589 780 1659 interfectis,
792 1591 918 1667 pluribus
932 1612 1004 1668 cap·-

329 1670 387 1737 εἰς,
401 1689 543 1747 equosque
560 1689 662 1730 mucce
679 1673 810 1746 abegere.
825 1667 1006 1731 Ceciderunt

330 1768 427 1810 autem
445 1748 637 1808 Macedonum
654 1749 761 1825 equites
777 1769 836 1817 tx,
858 1749 968 1825 pedites
986 1768 1004 1810 c

328 1828 410 1897 fere,
431 1830 511 1887 mille
529 1827 615 1887 saucii
629 1827 751 1888 fuerunt.
766 1827 837 1889 Haee
851 1830 1003 1904 expeditio

329 1906 507 1967 deficientem
525 1927 628 1986 magna
648 1927 684 1966 ex
701 1925 779 1983 parte
796 1907 898 1969 Asiam
922 1907 1004 1969 lama

325 2001 386 2044 tam
401 2003 565 2062 opportune
588 1986 713 2045 victorie
729 1987 850 2055 domuit.
871 1986 1003 2048 Invictos

324 2063 363 2123 Sc
382 2062 442 2123 thas
467 2084 525 2123 esse
546 2065 747 2138 crediderant3
778 2063 874 2141 quidus
890 2065 1004 2140 fractis

324 2084 428 2203 auitam
450 2159 561 2221 gentem
583 2141 770 2202 Macedonum
794 2142 881 2203 ermis
903 2165 1003 2224 parem

318 2220 387 2298 sore
398 2222 616 2288 confitebantur.
631 2224 728 2298 Itaque
744 2223 819 2282 Sacae
832 2220 935 2283 misire
958 2225 1004 2285 le-

363 2318 429 2370 tos,
450 2303 498 2379 qui
516 2302 719 2376 pollicerentur
733 2320 845 2380 gentem
865 2300 1002 2363 mundata

319 2322 473 2458 ficturum.
496 2381 631 2441 Moverat
656 2402 707 2440 eos
728 2382 800 2460 regis
823 2402 883 2441 non
907 2384 1000 2443 virtus

326 2460 439 2542 magis,
464 2482 549 2537 quarn
565 2461 714 2520 clementia
732 2460 761 2518 in
779 2460 906 2521 devictos
926 2462 1003 2537 Sey·
1038 2527 1043 2538 Ι

326 2538 389 2600 thas
409 2563 418 2600 ε
436 2542 538 2617 quippe
558 2542 684 2616 captivos
704 2558 804 2599 omnes
824 2539 884 2599 sine
902 2541 1000 2618 pretio

325 2619 493 2691 remiserat3
510 2636 541 2678 ut
555 2618 640 2679 fidem
657 2619 761 2678 faceret
772 2618 822 2678 sibi
833 2640 899 2679 curn
915 2621 1000 2681 fero⁴

325 2698 445 2760 cissimis
455 2699 582 2778 gentium
595 2700 628 2758 de
639 2698 821 2766 fortitudine,
836 2718 895 2757 non
908 2700 943 2758 de
956 2700 1002 2760 ira

324 2778 411 2840 fuisse
431 2796 587 2837 certamen.
611 2777 737 2856 Benigne
762 2779 847 2855 igitur
870 2779 1006 2855 exceptis.

324 2856 461 2918 Sacarum
470 2857 587 2936 legatis,
609 2858 746 2917 comitem
760 2855 932 2930 Excipinum
944 2859 1001 2918 de-

325 2935 389 3007 dit,
409 2936 564 2997 admodum
580 2934 715 3013 juvenem
731 2935 815 2996 etatis
832 2932 904 2997 flore
921 2956 1008 2999 corr-2
