2625 4017
412 497 602 561 tinen
643 499 752 565 v11.
861 511 918 583 3⁷<

246 597 374 682 regionis
395 597 506 679 injussu
530 598 606 679 regis
627 598 789 662 transirent.
818 600 921 684 Eidem

246 681 436 747 mandatum,
460 693 490 737 ut
501 678 731 759 contemplaretur
743 677 860 740 locorum
875 680 922 741 si-

245 778 331 831 tum;
354 776 381 818 et
402 754 466 816 illos
486 777 586 836 quoque
606 756 749 838 Scythas,
774 758 819 837 qui
840 779 922 838 super

244 837 370 918 Bosporo
382 833 526 907 incolunt,
540 837 655 904 viseret.
675 834 832 900 Condendae
843 836 921 899 urbis

245 916 341 978 sedem
351 935 431 995 super
440 914 528 994 ripam
540 912 648 976 Tanais
660 913 780 995 elegerat
793 938 805 988 ;
826 916 920 978 elaus-

245 1014 321 1056 rrum
335 1013 363 1055 et
380 996 432 1054 'am
442 992 678 1075 perdomitorum,
698 1011 726 1055 er
741 1016 806 1075 quos
820 994 922 1058 deinde

245 1072 325 1135 odire
375 1088 526 1138 erraverat.
555 1073 610 1135 Sed
634 1074 787 1136 consilium
813 1075 921 1140 distulit

245 1151 449 1231 Sogdianorum
464 1151 593 1221 nuntiata
612 1150 752 1229 defectio,
775 1178 835 1232 quae
847 1157 921 1219 Bac-

246 1234 354 1295 trianos
371 1250 483 1310 quoque
500 1233 595 1296 traxit.
613 1252 665 1294 vrs
682 1234 773 1294 millia
790 1235 920 1312 equitum

247 1331 349 1380 erant,
375 1332 497 1389 quorum
509 1313 709 1372 auctoritatem
721 1316 806 1375 ceteri
820 1334 921 1390 seque·

246 1394 360 1451 bantur.
372 1390 534 1451 Alexander
543 1386 722 1471 Spitamenen
735 1410 761 1453 et
773 1389 920 1463 catenen,

248 1493 266 1530 a
284 1470 384 1548 quibus
395 1471 423 1530 ei
434 1470 549 1531 traditus
562 1489 621 1533 erar
635 1472 756 1542 Bessus,
775 1472 849 1533 haud
866 1472 921 1533 du.-

248 1549 332 1619 bius,
353 1550 421 1626 quin
432 1570 533 1612 eorum
551 1572 637 1629 opera
655 1550 744 1631 redigi
757 1568 870 1629 possent
887 1552 920 1612 in

247 1645 439 1707 potestatem,
456 1629 616 1690 coercendo
632 1650 705 1696 eos,
725 1633 772 1707 qui
788 1650 920 1691 novave-

246 1725 311 1769 rant
322 1708 619 1785 res,jussitaccersiri.
629 1709 670 1767 At
679 1708 723 1770 illi
733 1709 899 1770 delectionis
906 1749 922 1790 ,Ι

246 1787 282 1848 ad
294 1808 380 1865 quam
392 1788 579 1854 coercendam
590 1791 801 1860 cremabantur,
816 1806 921 1860 aucto.-

246 1888 313 1937 res,
327 1868 513 1948 vulgaverant
525 1868 632 1929 famant
645 1890 655 1942 ς
667 1866 832 1940 Bactrianos
843 1864 922 1945 equis·

247 1963 291 2005 tes
302 1965 392 2025 arege
403 1964 496 2007 omnes
502 1985 513 2015 ,
526 1963 556 2016 ut
566 1944 756 2019 occiderentur
765 1943 921 2010 accersitis

246 2023 329 2104 idque
340 2024 502 2105 imperatum
512 2023 603 2106 ipsis,
619 2046 673 2086 non
690 2026 858 2088 sustinuisse
875 2042 921 2095 ta·

247 2123 311 2165 men
332 2102 455 2183 exequi,·
475 2124 511 2163 ne
534 2103 600 2165 inex
619 2104 703 2165 iobile
726 2106 756 2166 in
796 2103 922 2187 opularer

240 2181 360 2261 facinus
373 2181 558 2245 admitterent.
607 2203 640 2253 on
655 2184 746 2263 magis
789 2179 921 2250 lexandri

248 2260 416 2333 sevitiam,
440 2282 520 2340 quam
541 2260 623 2324 Bessi
643 2262 823 2343 parricidium
842 2257 922 2337 ferre

245 2340 383 2422 potuisse.
404 2342 502 2419 ltaque
526 2363 575 2402 sua
594 2359 694 2419 sponte
718 2342 776 2421 jam
798 2358 919 2409 motos,

247 2440 328 2482 metu
344 2442 434 2499 poena
450 2420 524 2486 haud
539 2418 688 2493 difficulter
706 2420 921 2485 concitaverunt

248 2501 284 2561 ad
304 2522 394 2574 arma,
415 2500 578 2563 Alexander
598 2500 702 2575 transfu
723 2521 804 2563 arum
823 2498 922 2560 deser,

248 2582 328 2641 tione
348 2598 518 2657 comperta,
537 2576 680 2658 Craterum
693 2522 817 2642 olsidere
833 2574 922 2672 (Jyron

248 2657 335 2741 polim
357 2660 436 2738 jubet
454 2682 463 2733 ς
481 2659 541 2738 ipse
564 2659 651 2719 aliam
674 2663 774 2722 urbem
795 2654 920 2740 regionis

249 2736 920 2819 ejusdemcoronacapit3signoquemtpuberes

251 2817 493 2884 interficerentur,
517 2817 604 2886 dato,
628 2817 730 2896 reliqui
750 2818 781 2881 in
797 2814 920 2895 praedam

250 2916 360 2975 cessere
374 2893 491 2975 viatoris
502 2917 510 2960 t
522 2896 587 2976 urbs
604 2896 694 2978 diruta
709 2914 771 2977 est,
790 2913 823 2973 ut
833 2889 939 2972 teter}
