2625 4017
402 547 460 605 362
581 523 624 603 Q.
663 524 902 591 CURTII

396 626 512 707 ignosce
514 619 601 699 fratri
611 642 667 686 tuo.
680 622 743 684 Erit
753 624 802 685 lzoc
812 623 977 705 simplicitet
986 626 1074 689 etiam

397 704 466 767 midi
489 702 659 762 reconciliati
682 702 767 762 animi
792 703 831 762 tui
850 703 964 783 pignus,
985 706 1073 766 Con·

395 786 483 846 aione
496 783 595 841 deinde
611 783 743 851 dimissa,
762 780 962 863 Polydamanta
975 785 1072 846 vocari

395 865 489 949 jubet.
516 860 616 941 longe
648 862 857 938 acceptissimus
885 861 1073 926 Parmenioni

399 960 481 1009 erat,
501 943 647 1019 proximus
658 942 739 1000 lateri
752 942 782 999 in
797 940 859 1008 acie
873 957 945 1001 stare
957 944 1072 1007 solitus.

399 1022 437 1083 Et
451 1041 611 1099 quanquam
623 1019 796 1084 conscientia
810 1019 895 1081 fretus
911 1021 941 1079 in
958 1024 1070 1103 regiam

337 1106 340 1112 ⁴
398 1119 536 1172 veneram
557 1118 652 1166 tamen
670 1116 701 1159 ut
719 1100 805 1175 jussus
826 1118 866 1159 est
876 1097 985 1175 fratres
1003 1121 1071 1161 sacr

398 1178 544 1246 exhibere,
559 1180 713 1239 admodum
726 1178 859 1256 juvenes,
873 1197 901 1238 et
912 1181 972 1259 regi
984 1180 1072 1261 igno-

395 1279 443 1323 tos
463 1261 500 1318 ob
520 1276 655 1319 atatem:
676 1258 777 1318 fiducia
797 1257 825 1315 in
845 1259 1071 1322 sollicitudinem

397 1359 477 1404 versa
492 1338 628 1415 trepidare
640 1339 745 1413 coepit,
769 1337 866 1415 saepius
882 1359 943 1417 quae
961 1359 1071 1400 nocere

396 1436 511 1498 possent
522 1455 532 1485 ,
549 1438 635 1492 quam
646 1419 746 1493 quibus
756 1417 881 1477 eluderet
892 1457 902 1485 ‚
922 1435 1072 1495 reputans.

397 1499 465 1565 Jam
488 1497 645 1577 armigeri,
668 1496 767 1573 quibus
788 1495 961 1576 imperatum
982 1514 1069 1567 erat,

416 1577 584 1652 reduxerant
605 1594 681 1648 eos3
701 1595 767 1635 cum
790 1595 964 1655 exsanguem
985 1595 1069 1637 meru

394 1599 601 1733 inuram-ana
618 1654 729 1734 propius
740 1653 870 1715 accedere
882 1656 971 1732 jubet.
989 1656 1069 1721 Subr

394 1737 537 1812 motisque
549 1736 701 1802 omnibus,
718 1731 842 1804 sceiere,
860 1734 972 1811 inquit,
985 1732 1068 1795 Par·

393 1813 531 1875 meniorn's
541 1835 633 1878 omnes
640 1814 749 1894 pariter
756 1812 870 1903 apperiri
880 1832 984 1874 sumas.
998 1812 1069 1874 Ma*

393 1890 864 1971 ximeegoacta;quosamicttt'as
883 1889 1070 1969 eciesefedlit.·

392 1972 441 2036 Ad
448 1992 525 2050 quem
531 1969 746 2051 persequendam
752 1912 992 2050 puniendamque(
999 1970 1067 2033 aide

392 2070 521 2133 quantum
557 2049 602 2109 det'
619 2070 673 2110 tua
688 2050 819 2122 credam)
832 2068 859 2110 te
878 2048 1006 2111 ministro
1024 2050 1067 2111 uti

393 2131 492 2202 statui.
540 2128 657 2198 bridec,
679 2128 743 2190 dum
762 2127 964 2273 hocheragt's,
984 2147 1081 2191 etant.

384 2210 496 2289 fratres
509 2208 561 2271 tui.
579 2205 764 2286 Proficiscere
775 2208 804 2270 in
853 2208 965 2277 ediam,
987 2226 1015 2271 et
1027 2206 1066 2270 ad

386 2288 537 2374 praefectos
558 2308 631 2347 meos
649 2285 746 2349 literas
763 2287 881 2369 scriptas
903 2308 984 2354 manu
1003 2308 1066 2349 mea

386 2368 492 2452 persen
504 2364 658 2428 Velocitate
673 2386 738 2444 opas
750 2384 810 2437 ert,
827 2387 879 2446 qua
892 2365 1066 2429 celeritatem

384 2448 474 2529 fama
493 2443 652 2514 antecedas.
675 2444 771 2507 Noctu
785 2445 928 2527 peruenire
945 2443 1013 2506 illac
1035 2464 1092 2508 te·-

390 2528 476 2604 valo;
491 2543 599 2605 postero
609 2524 675 2596 die,
691 2546 749 2604 qua
759 2526 865 2607 scripta
880 2543 958 2586 erant
968 2566 978 2593 ‚
990 2546 1064 2606 *exe*

389 2608 449 2689 qui.
464 2603 510 2666 Ad
522 2602 732 2668 Parmenionem
746 2625 847 2683 quoqne
863 2600 995 2744 εῘὶξιᾳΙᾳε
1006 2601 1060 2683 fe-

389 2707 459 2759 res;
477 2704 559 2743 unam
574 2704 591 2741 a
605 2704 670 2757 me3
686 2681 802 2745 alteram
814 2681 869 2743 Phi
883 2701 935 2756 ota
949 2684 1062 2761 nomine

389 2757 533 2846 scriptam.
546 2758 664 2840 Signum
678 2760 754 2822 anuli
772 2764 831 2842 ejus
846 2762 876 2823 in
891 2781 952 2823 mea
964 2782 1062 2844 pocese

390 2835 448 2906 tate
458 2860 510 2904 est.
520 2837 569 2900 Sic
576 2859 655 2920 pater
663 2840 776 2901 credens
784 2863 801 2900 a
800 2838 867 2920 filio
876 2841 914 2903 im
931 2860 1061 2920 cessum,

371 2983 373 2987 .
388 2944 452 3006 cam
467 2940 494 2987 tc
508 2918 609 2986 rident
618 2960 630 3001 ‚
649 2918 722 2994 ninid
739 2938 851 3004 metuet.
867 2862 1061 3007 dqiydamas,

978 3036 1062 3098 tamQ
