2625 4017
411 558 607 626 tisun
648 565 745 629 111.
869 587 922 646 ιι,

246 660 495 735 Atheniensium,
518 682 671 743 petentes,
698 683 730 725 ur
753 666 829 747 capri
852 668 926 749 opud

249 742 408 806 Granicum
418 764 525 805 amnem
535 743 717 805 redderentur
725 744 792 807 sibi.
804 749 859 809 llle
869 769 927 810 non

247 822 301 884 hos
313 822 393 884 modo
404 863 414 894 ,
425 874 427 877 .
437 821 488 883 sed
504 822 588 885 eriam
603 842 711 885 ceteros
729 822 850 888 Graecos
862 849 927 889 res·-

248 902 316 964 ar‘rur'
329 905 391 963 suis
398 904 537 980 jussurum
546 905 704 981 respondit,
709 901 797 983 finito
806 904 926 969 Persico

248 980 494 1046 bellussererum
514 982 607 1043 Dario
628 985 808 1056 imminens,
837 1008 926 1065 quem

248 1062 382 1123 nondum
391 1061 553 1140 Euphraten
566 1082 707 1139 superasse
724 1084 925 1146 cognoverat;

248 1141 377 1219 undique
393 1161 494 1202 ornnes
510 1142 607 1219 copias
623 1141 765 1203 contrahit
779 1145 867 1205 :roris
879 1147 925 1208 vi·

249 1222 329 1283 ribus
340 1221 412 1281 tanti
423 1222 492 1281 belli
502 1222 651 1282 discrimen
663 1223 929 1304 aditurus.Phrygia

250 1320 313 1362 etat
327 1338 337 1369 ,
360 1321 412 1377 per
426 1321 512 1377 qoam
526 1300 681 1362 ducebatur
690 1304 847 1375 exercitum
863 1308 929 1380 plu·

252 1382 331 1441 ribus
345 1379 441 1447 vicis,
462 1401 549 1457 quam
560 1382 674 1442 urbibus
683 1382 824 1459 frequens.
843 1383 930 1445 Tune

251 1457 378 1520 habebat
389 1460 538 1537 quondam
553 1462 683 1522 nobilem
700 1461 785 1523 Nlidae
796 1462 904 1544 regiam
917 1483 930 1535 ς

253 1536 393 1600 Gordium
404 1559 513 1599 nornen
528 1541 660 1610 esturbi,
675 1563 761 1618 quarn
777 1541 930 1624 Sangarius

252 1618 347 1683 amnis
368 1618 527 1688 interfluit,
548 1619 610 1697 pari
630 1620 783 1681 intervallo
805 1621 930 1681 Pontico

252 1717 282 1759 et
291 1696 402 1758 Cilicio
412 1699 484 1757 mari
498 1699 660 1760 distantem.
676 1700 753 1759 Inter
767 1698 827 1760 hec
837 1701 931 1761 maria

252 1777 486 1856 angustissimum
504 1780 577 1838 Asiae
593 1780 716 1855 spatium
730 1799 790 1840 esse
808 1800 929 1857 compe-

254 1858 354 1925 rimus,
361 1876 482 1934 utroque
492 1857 522 1916 in
532 1877 621 1918 arctas
633 1858 727 1920 fauces
737 1860 933 1937 compellente

254 1953 373 1997 terram.
388 1935 462 2013 Quae
473 1937 538 2014 quia
553 1940 709 1998 continenti
724 1939 866 2009 adhaeret,
881 1931 931 2000 sed

254 2037 362 2096 magna
374 2035 411 2075 ex
421 2035 499 2093 parte
509 2016 632 2096 cingitur
640 2018 788 2087 fluctibus,
806 2021 932 2095 speciem
1028 2053 1033 2062 ·

255 2096 354 2156 insula
365 2100 488 2173 praebet3
503 2117 538 2156 ac
549 2098 602 2157 nisi
617 2114 701 2158 tenue
716 2097 865 2173 discrimen
878 2100 934 2158 ob⁴

257 2176 380 2253 jiceret‚
396 2176 510 2244 maria,
533 2196 594 2253 quae
610 2198 688 2237 nunc
702 2176 822 2247 dividit,
844 2177 933 2237 com-3

256 2256 394 2317 mitteret.
412 2256 595 2325 Alexander,
613 2261 682 2318 urbe
698 2257 729 2316 in
746 2279 826 2317 suam
843 2256 934 2316 ditio·

257 2354 327 2394 nem
338 2335 448 2395 redacta
461 2374 472 2402 ,
485 2336 568 2401 Jovis
579 2338 720 2412 templum
732 2336 827 2397 intrat.
838 2334 935 2397 Vehi-

257 2414 359 2475 culum
367 2454 377 2483 ,
386 2436 443 2491 quo
452 2413 595 2475 Gordium
607 2416 693 2475 Midae
701 2433 810 2491 patrem
817 2432 935 2474 vectum

260 2514 319 2555 esse
341 2497 510 2563 constabat,
529 2495 658 2572 aspexit,
677 2495 755 2553 cultu
773 2492 847 2553 haud
867 2510 938 2553 sano

260 2595 279 2633 a
302 2573 470 2642 vilioribus,
491 2575 669 2654 vulgatisque
692 2594 742 2633 usu
768 2571 939 2642 abhorrens·

261 2651 403 2714 Notabile
422 2672 482 2713 erat
501 2655 599 2734 jugum
615 2654 760 2714 astrictum
777 2651 938 2728 compluti-⁴

262 2734 313 2791 bus
329 2733 410 2793 nodis
424 2733 456 2793 in
469 2735 634 2812 semetipsos
645 2732 824 2810 implicatis,
846 2749 875 2792 er
884 2751 939 2791 ce·

262 2811 387 2872 lantibus
404 2833 505 2875 nexus.
525 2814 630 2874 Incolis
648 2812 749 2872 deinde
767 2810 938 2873 affirmanti-

263 2891 336 2959 bus,
361 2890 464 2952 editam
485 2912 548 2951 esse
572 2891 682 2953 oraculo
706 2908 809 2952 sortem
821 2909 834 2961 ‚·
856 2888 940 2950 Ano

260 2969 435 3058 pudorum,
455 2970 502 3052 qui
516 2969 715 3053 ,inexplicabile
727 2969 867 3034 vinculum
877 2965 942 3038 solz

721 3122 726 3132 .
758 3071 788 3132 K
