2625 4017
403 573 499 646 472]
581 558 630 642 Q.
669 555 908 625 CUR'rlt

404 659 513 744 tumque
522 663 689 726 numeravit.
700 661 911 743 Numflurnen‚
931 684 984 745 qao
996 664 1087 733 latius

394 741 494 821 susum
509 762 575 813 est,
596 742 647 803 hoe
660 740 801 831 pineidius
818 760 936 832 stagnat
949 766 963 817 ;
982 750 1085 830 qnippe

390 822 533 903 ,angustie
550 824 619 904 ripis
636 838 777 891 coercita,
797 839 825 880 et
837 842 868 881 tn
887 826 1083 904 angustiorem

402 899 510 963 alveum
520 902 590 963 elisa
602 918 734 961 torrentes
746 920 831 980 aquas
842 901 979 964 invehunt
991 934 1000 963 :
1013 928 1080 968 con·

402 996 450 1041 tra
459 981 549 1063 spatio
562 980 633 1041 aluei
645 979 757 1059 segnior
765 999 860 1039 cursus
869 999 925 1044 est.
938 981 1080 1048 Proeterea

400 1060 432 1121 in
444 1060 504 1141 ripa
515 1080 591 1121 omne
601 1056 753 1141 periculum
765 1076 827 1128 est,
842 1058 888 1118 nbi
903 1060 1080 1142 applicantes

400 1140 467 1200 naui
490 1140 518 1200 ia
530 1140 618 1200 hostis
630 1154 783 1216 exspectat.
801 1134 847 1196 Ita
865 1159 1079 1216 quantumcum-

401 1160 564 1300 quedumen
575 1215 742 1287 interuenit,
754 1214 826 1275 idem
832 1212 962 1291 futurum
973 1220 1079 1283 discri-

399 1317 463 1358 men
479 1315 522 1357 est
540 1295 714 1359 evadentium
729 1295 759 1354 in
775 1296 888 1357 terrim.
907 1295 967 1357 Sed
984 1302 1078 1362 omnia

398 1374 457 1436 ista
471 1397 539 1437 uera
556 1396 618 1436 esse
624 1372 782 1453 fingamus.
795 1372 935 1435 Utrumne
953 1398 1006 1439 nos
1017 1400 1077 1440 mu·

395 1454 514 1548 gnitudo
535 1453 710 1520 belluarum,
731 1474 766 1513 an
787 1452 933 1515 midtitudo
954 1455 1076 1519 hostium

397 1536 510 1595 terret?
529 1530 612 1615 Quod
619 1533 743 1615 pertinet
755 1530 790 1591 ad
803 1531 985 1613 elephantos,
1003 1558 1075 1618 pra.

398 1632 465 1674 sens
477 1612 606 1674 habemus
618 1611 770 1692 exemplum
783 1638 793 1671 .·
808 1610 837 1670 in
849 1631 914 1672 suos
927 1614 1075 1677 uehemen-

394 1691 476 1761 tius,
497 1712 576 1771 qnam
588 1692 619 1752 in
636 1712 687 1751 nos
703 1691 897 1761 incurreram,-
917 1709 976 1753 tam
993 1714 1075 1757 uasta

396 1791 511 1853 corpora
523 1769 663 1831 seeuribus
666 1768 842 1846 falcibusque
853 1770 986 1833 mutilata
995 1794 1074 1839 sunt.

395 1845 477 1990 guid
503 1869 592 1910 autem
617 1850 733 1908 interest
755 1846 869 1908 totidem
889 1848 981 1921 sint,
1009 1871 1073 1931 quot

425 1950 487 1988 orus
507 1928 623 1996 habuit,
647 1948 683 1987 an
705 1926 760 1986 trin
781 1925 898 1987 miliia?
923 1949 987 1990 cum
1019 1952 1071 1993 une

395 2026 444 2071 aut
462 2007 547 2069 altero
566 2005 721 2066 vulneratis
738 2023 842 2065 ceteros
858 2008 888 2065 in
898 2006 1004 2090 fugam
1021 2010 1072 2072 de·

394 2086 501 2149 'clinare
524 2086 678 2147 uideamus.
706 2083 816 2144 Deinde
837 2106 942 2164 paucos
967 2110 1071 2170 quoqne

393 2164 563 2227 incommode
587 2182 715 2244 regunt:
741 2183 908 2302 conpregata
937 2188 1004 2229 vero
1031 2188 1070 2230 tot

393 2245 557 2327 midliaipsa
576 2264 607 2304 se
618 2243 746 2310 elidunt,
768 2263 783 2301 u
803 2245 813 2301 i
831 2264 881 2303 nec
899 2262 997 2318 stare,
1017 2270 1068 2310 nee

385 2322 490 2406 ‚fingere
501 2322 638 2404 potuerint
655 2320 792 2383 inhabiles
811 2341 951 2384 vastorum
969 2347 1068 2409 corpo·

393 2423 452 2464 rum
467 2401 561 2464 moles.
579 2399 712 2480 Equidem
728 2400 770 2460 sio
781 2399 916 2461 animalia
927 2403 985 2464 istu
998 2427 1069 2467 ton·

391 2486 496 2552 nemsi,
518 2500 548 2545 ut
559 2501 619 2540 cum
631 2478 779 2549 haberem,
798 2480 857 2560 ipse
866 2501 921 2540 non
931 2503 1068 2564 opposue-

391 2561 447 2623 'rim
459 2582 472 2640 ,⁰
485 2561 557 2621 satis
586 2579 670 2621 natus
698 2556 741 2617 lut
753 2559 833 2627 suis,
846 2580 927 2640 quam
937 2562 1067 2627 hostibus

388 2639 508 2722 'periculi
522 2580 637 2715 infime.
686 2637 781 2698 tenim
792 2638 910 2716 equitum
921 2641 1066 2719 peditum„

390 2737 442 2808 que
461 2716 604 2790 multitudo
622 2737 672 2778 not
689 2734 837 2778 commovet
857 2715 864 2777 !
885 2738 948 2777 cum
964 2724 1068 2802 paucis

390 2797 466 2864 enim
474 2818 595 2878 pugnare
608 2794 685 2869 soliti
704 2797 795 2868 estis,
816 2813 843 2855 et
858 2817 930 2857 nunc
940 2801 1068 2879 primum

389 2874 561 2947 inconditam
578 2873 753 2935 sustinebitis
770 2874 884 2937 turbam.
900 2874 1001 2940 Testis
1017 2883 1070 2950 ad-

361 3017 364 3022 ,
389 2972 487 3016 versus
515 2953 719 3020 multitudinem
745 2954 845 3018 inuicti
873 2954 1071 3025 Macedonum

954 3058 1071 3136 ,roboris
