2625 4017
400 594 462 657 '456
584 582 627 662 Qu
667 580 693 642 C
712 580 746 643 U
763 580 791 642 R
809 580 841 643 T
858 579 872 639 1
892 578 909 640 1

400 686 505 763 quippe
521 699 648 744 morsum
665 702 782 760 praesens
793 695 873 742 mors
890 672 1083 759 sequebantur

402 765 496 825 donec
516 768 551 823 ab
570 760 674 823 incolis
693 760 851 821 remedium
872 761 1013 823 oblatum
1032 781 1082 825 est.

401 842 481 904 Hinc
507 842 683 920 perdeserta
705 852 824 901 ventum
844 858 887 900 est
908 841 946 901 ad
974 841 1081 902 flumen

400 921 563 1000 Hyaroteni
582 922 719 986 Junctum
740 939 799 981 crat
820 918 937 979 flumini
957 929 1080 990 nemus,

400 1023 525 1080 opacum
544 1002 688 1060 arboribus
706 1000 774 1059 alibi
791 999 960 1071 inusitatis,
985 1020 1079 1081 agnes-¹

398 1082 528 1157 tiumque
553 1091 701 1158 pavonum
724 1077 909 1138 multitudine
935 1078 1079 1158 frequens.-

399 1160 508 1221 Castris
527 1160 593 1219 inde
611 1159 697 1217 motis
721 1157 856 1235 oppidum
878 1156 958 1218 haud
977 1160 1078 1238 procul

398 1241 525 1319 positum
537 1252 644 1299 torona
655 1236 746 1314 capit3
764 1237 966 1315 obsidibusque
976 1259 1077 1316 accep⁶

398 1320 435 1380 tis
444 1317 754 1396 stipendiumimponit.
762 1311 807 1374 Ad
816 1329 957 1396 magnam
965 1318 1077 1387 deinde,

399 1397 986 1477 utinearegionc,urbenrpervcnit‚nou
996 1417 1076 1460 muro

398 1478 517 1545 solum,
534 1477 580 1537 sed
597 1475 689 1536 etiarn⁴
699 1476 802 1551 palude
817 1474 975 1537 muniturus
990 1476 1077 1537 Cete-

398 1569 463 1618 rum
478 1556 586 1615 barbari
598 1553 737 1616 vehiculis
746 1554 819 1614 inter
834 1574 863 1615 se
874 1554 984 1633 junctis
993 1557 1078 1617 dimi⁶

398 1635 489 1697 caturi
507 1648 708 1695 occurrerunt:
724 1634 785 1693 aliis
800 1634 877 1702 tela,
893 1634 959 1695 aliis
970 1632 1076 1703 hasta,

399 1716 463 1776 aliis
475 1736 584 1775 secures
595 1726 695 1773 erant:
709 1714 961 1790 transiliebantque
978 1715 1011 1774 in
1028 1734 1077 1774 ve·

397 1785 494 1855 bicula
508 1808 621 1854 strenue
632 1792 703 1854 saltu
715 1832 726 1861 ‚
738 1805 804 1853 curn
815 1812 981 1855 succurrere
993 1795 1076 1855 labo⁶

397 1876 524 1952 rantibus
543 1874 597 1932 suis
611 1873 731 1934 uellent.
748 1872 793 1932 Ac
810 1871 907 1949 primo
925 1872 1076 1934 insolitum

396 1972 487 2035 genus
497 1974 597 2032 pugnae
607 1953 779 2028 Macedonas
789 1952 906 2021 terruit,
924 1953 1076 2013 tumenti·

396 2052 450 2093 nus
467 2033 706 2093 vulnerarentur:
724 2026 824 2092 deinde
839 2048 936 2107 spreto
953 2049 1016 2093 tam
1033 2034 1077 2092 itr‘

395 2112 515 2175 condito
524 2112 648 2182 auxilio,
663 2114 697 2171 ab
707 2127 828 2189 utroque
837 2111 927 2170 tatere
936 2111 1076 2189 vehiculis

396 2192 561 2253 circumfusi
584 2206 770 2271 repugnantes
789 2189 886 2250 fodere
913 2209 1075 2270 coeperunt.

395 2270 434 2332 Et
442 2268 568 2340 vincula,
580 2267 677 2346 quidus
689 2286 818 2330 conserta
830 2285 928 2338 eretur,
942 2271 1024 2350 jussit
1034 2270 1076 2330 in·

397 2348 481 2417 cidi,
504 2370 554 2428 quo
564 2348 684 2427 facilius
704 2346 815 2427 singula
833 2346 1073 2411 circumveniren-

397 2445 452 2491 tur.
470 2431 568 2504 Itaque
584 2448 667 2490 vm
686 2428 811 2504 millibus
826 2441 946 2489 suorum
962 2430 1075 2491 amissis

338 2510 340 2513 ’
394 2507 427 2571 in
443 2511 579 2588 oppidum
599 2510 773 2589 refugerunt.
793 2506 911 2567 Postero
928 2508 976 2570 die
992 2512 1078 2571 scalis

395 2590 519 2665 undique
530 2589 652 2648 admotis
668 2589 741 2647 muri
751 2604 933 2664 >occupantur
949 2613 959 2648 e
976 2591 1078 2666 paucis

396 2669 547 2747 pernicitas
557 2668 639 2727 saluti
650 2667 713 2727 fuir.
725 2665 786 2743 Qui
797 2667 914 2747 cognito
930 2670 1010 2729 urbis
1023 2688 1078 2730 ex-

395 2744 471 2808 cidio
494 2748 626 2826 paludem
650 2763 850 2813 transnavere,
873 2763 902 2806 et
924 2747 956 2807 in
977 2748 1079 2810 vicina

396 2827 500 2918 oppida
522 2827 669 2909 ingentem
691 2821 812 2885 intulere
833 2841 998 2900 terrorem3
1029 2828 1079 2886 in-

391 2924 496 2966 suetum
510 2906 680 2975 exercitumj
704 2924 730 2964 er
743 2906 863 2964 Deorum
877 2903 1005 2984 prefecto
1021 2906 1078 2967 ad·

395 2983 509 3047 venisse
518 2983 896 3054 memorantes-Alexander
906 2984 943 3047 ad
956 2995 1081 3052 ‘varran‘
