2625 4017
395 584 445 634 ιιι
494 569 522 623 ι.
555 569 747 624 ιιιιιιιιιι.
780 564 974 625 sunniam.

391 676 514 725 satrapam
529 659 651 719 ιιιὶιιιιιιιι
669 658 713 708 sed
729 675 783 709 cum
801 657 909 708 occultis
925 655 1065 717 mandatis,

389 744 421 782 ut
436 728 604 782 Alexandrum
622 728 753 793 Lyncestes
777 741 874 795 captata
890 728 1011 780 occasione
1029 727 1066 777 sd-

392 810 460 848 creto
481 798 639 854 conveniret,
657 798 720 861 eique
742 797 762 845 si
785 795 905 846 destinata
924 795 1036 858 effecisset
1057 832 1066 854 ,

392 864 543 917 Macedonia
556 877 658 938 regnum
672 875 695 915 et
713 863 802 913 miidc'
794 877 889 929 insuper
903 863 958 911 auri
972 864 1067 913 talenta
1091 863 1093 870 ’

409 932 557 983 addiceretur.
571 928 658 1006 Nam
651 945 673 978 ss
686 945 740 978 cum
746 929 861 1006 Amynta
873 931 999 993 transfuga
1012 946 1068 978 sce-

389 948 457 1047 sesto
474 994 603 1048 consilio
595 995 677 1055 mito,
697 994 828 1045 occidendi
840 994 904 1060 regis
919 1010 1002 1060 partes
1018 995 1066 1046 sibi

390 1080 521 1116 sumserat.
538 1063 634 1115 Oderat
650 1079 705 1114 eum
720 1077 773 1114 tum
783 1062 838 1112 aliis
852 1064 883 1111 de
901 1063 996 1123 cousins
1012 1079 1067 1113 tum

391 1129 461 1199 'quod
482 1135 647 1183 Heromcnesn
667 1142 693 1181 et
713 1131 871 1187 Atrabaeum,
890 1133 977 1182 fratres
995 1130 1067 1193 hujus

390 1200 527 1252 Alexandri
536 1196 1066 1263 ‚interpaternoenecisconsciossupplicio

390 1266 523 1320 affecisset.
547 1268 580 1317 Et
607 1277 743 1342 quanquam
764 1264 817 1331 ipse
840 1282 911 1329 poena
932 1281 1068 1325 exemtus,

390 1335 621 1412 multisquepostea
630 1332 768 1383 honoribus
777 1348 894 1391 ornatus
903 1347 952 1382 non
961 1333 1067 1397 simplex

391 1401 537 1453 beneficium
554 1418 597 1467 reg
599 1400 742 1464 idcberet,·
760 1416 834 1451 insita
843 1416 925 1451 animo
933 1402 1025 1451 ferocia
1042 1417 1069 1451 et

391 1468 538 1520 dominandi
548 1420 663 1533 cupidine
673 1467 736 1517 nihil
746 1471 811 1517 nefas
818 1470 932 1531 putabat,
947 1485 991 1531 per
998 1470 1067 1535 quod

389 1539 423 1587 ad
434 1554 537 1604 regnum
550 1536 591 1587 via
606 1550 762 1587 sterneretur.
778 1535 838 1587 Re
830 1552 857 1585 m
872 1535 1003 1587 consilium
1020 1538 1067 1586 de·

387 1605 468 1655 'ducta
479 1606 632 1670 facilitatem
650 1606 714 1672 regis
732 1603 866 1667 arguebant
882 1603 979 1664 amici,
1004 1608 1066 1671 quod

383 1674 510 1727 'hominem
519 1646 806 1737 inmanifestomaieflcco
815 1672 998 1740 deprehensum
1017 1673 1065 1723 nori

389 1743 462 1793 modo
471 1742 558 1809 punire
567 1755 613 1791 non
628 1739 802 1801 sustinuisset;
818 1755 902 1791 oscum
913 1742 986 1790 etiam
996 1758 1066 1819 pra:

391 1810 450 1858 miis
463 1823 487 1858 et
502 1807 629 1859 honoribus
642 1803 740 1856 auctum
754 1808 888 1885 optimas
864 1825 876 1858 e
890 1807 983 1857 uicatus
995 1808 1066 1873 parti

389 1876 568 1955 praeposuisset
587 1874 662 1951 Quem
680 1873 785 1939 deinceps
802 1890 823 1924 et
817 1874 917 1953 fidum·
922 1874 1065 1938 satanam,

389 1942 413 1992 si
427 1957 524 2021 prater
533 1942 700 2008 impunitatem
710 1942 808 2007 propior
823 1941 938 1992 amicitia
948 1942 1044 2009 gradus
1056 1975 1065 1999 ‚

390 2009 505 2059 maxima
520 2010 669 2073 dignitates,
690 2008 825 2069 honorificae
836 2010 989 2075 praefectura
1001 2026 1065 2074 par-

389 2075 474 2125 ricidii
482 2092 570 2127 merces
579 2091 671 2126 essent
666 2075 677 2111 θ
688 2076 769 2142 Igitur
777 2091 871 2127 mature
878 2077 1061 2135 emendandum,

388 2144 452 2220 quod
467 2143 544 2191 nimia
559 2142 660 2193 lenitate
674 2156 811 2220 peccatum
819 2158 903 2195 esset:
922 2144 1064 2209 priusquam

386 2209 453 2263 iile,
475 2210 602 2259 considium
616 2224 736 2261 emanasse
749 2208 874 2268 sentiens,
895 2208 1064 2261 Thessalorum

389 2274 488 2326 mobiles
503 2276 595 2326 animos
611 2278 641 2326 ad
658 2293 696 2328 res
712 2277 834 2327 novandas
852 2276 983 2327 induceret
1002 2278 1064 2329 Non

388 2344 587 2395 contemnendum
600 2358 648 2397 csse
661 2329 812 2411 pissimium,
828 2359 872 2410 quo
888 2350 965 2408 majus
978 2361 1007 2396 ne
1019 2360 1065 2395 era-

387 2411 497 2477 cogitari
511 2412 604 2490 quidem
617 2413 713 2479 possit:
724 2426 794 2476 neque
809 2413 939 2491 spernenda
953 2410 1063 2462 Deorum

389 2492 501 2535 ostenta,
516 2479 556 2544 qui
572 2495 650 2547 regem
665 2480 693 2528 dc
708 2478 819 2529 cavendis
832 2479 928 2529 insidiis
939 2479 1063 2532 evidenter

387 2546 545 2595 monuissent.
569 2545 655 2608 Nuper
677 2543 759 2602 enim,
785 2545 842 2596 dum
864 2543 1064 2624 Halicarnassum

387 2610 525 2671 obsidens,
541 2612 700 2677 postlongos
713 2628 863 2679 magnosque
878 2613 976 2662 labores
989 2612 1065 2662 meri

388 2676 633 2738 diationereficitur,
650 2679 770 2757 hirundo,
788 2695 847 2730 nota
861 2679 976 2744 auspiciis
991 2679 1063 2741 avis,

388 2761 480 2809 magno
502 2762 557 2795 eum
576 2746 694 2813 garritu,
716 2746 822 2797 circum
826 2762 899 2811 caput
913 2747 1064 2812 quiescentis

387 2811 560 2871 volitaverit,
576 2814 686 2864 etmodo
696 2812 795 2871 inhoc
814 2816 890 2866 modo
899 2812 963 2864 illud
972 2816 1065 2867 lectuls

388 2878 454 2929 latus
463 2879 641 2937 ademissent,
654 2881 861 2934 turbulentiorem
874 2882 951 2932 solito
962 2897 1064 2935 cantum

384 2959 483 3009 ¹exorsa.
505 2950 538 3001 Et
553 2964 596 3002 rex
615 2947 715 3017 quidem
733 2950 869 3019 defatigato
887 2966 995 3015 corpore
1010 2953 1064 3004 nois
