2625 4017
378 571 433 623 172
556 546 599 627 Q.
638 546 875 610 CURTlI

374 647 564 731 quadriremes
578 646 750 707 Macedones
766 647 838 708 inter
850 666 879 707 se
894 645 932 707 ira
944 647 1048 727 junxe-¹

373 747 458 797 rant,
475 744 506 788 ut
519 748 608 804 prorae
623 724 815 799 eohaererent3
834 748 939 804 puppes
955 729 1044 788 inter-

373 809 472 875 uall0,
485 824 622 884 quantum
632 825 733 882 capere
741 824 886 882 poterant,
900 808 1046 871 distarent.

373 887 444 949 Hoc
455 886 592 964 puppium
606 884 789 945 intervallum
803 886 931 945 antennis
944 887 1045 948 asseri·

373 970 479 1043 busque
489 964 588 1026 validis
599 964 744 1043 deligatis,
762 982 898 1040 superque
909 986 958 1025 eos
969 987 1044 1044 pon-

372 1047 445 1108 tibus
456 1045 561 1112 stratis,
580 1044 628 1119 qui
638 1044 761 1102 militem
776 1045 961 1112 sustinerent,
982 1046 1042 1104 im·

371 1126 519 1205 plevetant
539 1146 547 1182 r
569 1124 609 1182 sic
630 1121 777 1182 instnrctas
797 1122 985 1199 quadriremes
1007 1123 1043 1183 ad

371 1206 472 1267 urbem
491 1205 613 1283 agebant
631 1224 639 1259 r
661 1201 725 1260 inde
745 1199 859 1260 missilia
881 1202 910 1260 in
930 1223 1043 1281 propu-

369 1300 488 1366 gnantes
504 1283 701 1362 ingerebantur
711 1296 793 1347 tuto,
808 1281 872 1356 quia
884 1282 974 1357 proris
984 1285 1042 1342 mi-
1085 1297 1087 1302 ⁴

370 1368 413 1428 les
427 1364 582 1441 tegebatur.
598 1359 692 1418 lllledia
709 1378 769 1417 nox
783 1377 862 1427 erat,
884 1381 949 1418 cum
965 1361 1041 1419 clas-

369 1462 451 1516 sem,
470 1438 550 1499 sicuti
561 1438 667 1497 dictum
681 1454 741 1505 est,
757 1455 900 1513 paratam,
916 1438 1038 1498 circurn-

370 1521 412 1588 ire
422 1537 512 1577 muros
523 1517 600 1595 jubet
611 1540 619 1576 ε
632 1518 744 1594 jamque
755 1536 840 1577 naves
848 1518 909 1576 urbi
917 1518 1041 1595 undique

370 1593 615 1664 admovebantur,
631 1614 660 1654 et
674 1593 755 1671 Tyrii
769 1594 962 1672 desperatione
979 1616 1041 1657 tor-

370 1680 492 1759 pebant3
508 1698 574 1738 cum
586 1674 678 1734 subito
693 1674 782 1750 spissae
796 1678 883 1734 nubes
893 1675 1039 1738 intendere

370 1779 400 1826 se
421 1758 521 1824 coelo,
542 1772 571 1814 et
587 1753 719 1830 quidquid
740 1752 810 1812 lucis
831 1752 1039 1826 internitebat,

370 1835 455 1902 effusa
471 1834 592 1913 caligine
606 1830 766 1891 extlnetum
781 1847 832 1891 est.
846 1832 924 1891 Tum
937 1833 1040 1895 inhor-

370 1909 1041 1987 rescensmarepaulatimlevari,deindeacriori

370 2012 458 2062 vento
474 1991 669 2057 concitatum,
689 1988 787 2049 lluetus
807 1988 900 2058 ciere,
920 2010 948 2051 et
963 1992 1039 2057 inter

370 2094 401 2135 se
416 2071 530 2152 navigia
544 2069 689 2129 collidere.
703 2069 825 2144 Jamque
839 2069 926 2129 scindi
942 2092 1039 2151 eoepe-

369 2168 434 2223 'nant
446 2150 576 2218 vincula,
592 2149 691 2224 quibus
703 2166 838 2206 connexae
848 2148 1039 2223 quadriremes

371 2248 472 2299 erant,
486 2248 566 2289 tuere
580 2228 721 2292 tabulata,
739 2244 768 2285 et
783 2246 848 2285 eum
860 2227 968 2307 ingenti
980 2230 1040 2292 fra·

392 2331 442 2372 ote
457 2309 488 2369 in
503 2306 674 2384 profundum
688 2324 783 2364 secum
798 2304 901 2365 milites
915 2308 1041 2375 trahere.

369 2331 476 2467 licque
490 2387 568 2447 enim
585 2401 713 2446 conserta
730 2382 841 2461 navigia
861 2385 920 2445 ulla
937 2409 992 2465 ope
1006 2391 1038 2449 in

370 2468 483 2531 turbido
509 2463 568 2543 regi
590 2480 750 2540 poterant:
773 2461 856 2521 miles
884 2464 1041 2531 ministeria

370 2565 545 2614 nautarum
567 2542 688 2621 remiges
704 2540 801 2601 militis
825 2540 917 2603 officia
939 2550 1039 2608 turba·

372 2630 464 2692 bant:
481 2641 529 2691 et,
544 2621 620 2699 quod
630 2622 660 2679 in
670 2617 831 2695 huiusmodi
840 2641 904 2682 casu
916 2626 1038 2697 accidit,

372 2704 455 2785 periti
466 2701 569 2783 ignatis
578 2703 724 2778 parebant.
740 2696 855 2775 Quippe
865 2704 1040 2778 gubernato·

371 2805 417 2850 res
428 2826 434 2852 ,
446 2783 515 2842 alias
523 2780 662 2856 imperare
671 2777 747 2837 soliti
758 2816 768 2845 ,
778 2795 840 2836 turn
849 2797 927 2840 metu
938 2785 1039 2847 mortis

371 2853 444 2944 iussa
456 2859 689 2945 exsequebantur.
700 2855 831 2916 Tandem
846 2859 931 2919 remis
947 2864 1037 2953 petti-

333 3023 335 3031 .
370 2962 468 3015 passus
480 2940 676 3007 everberatum
691 2955 790 3008 mare,
811 2936 900 3004 veluti
914 2941 1040 3030 eripies),
