2625 4017
428 550 619 619 LIBER
670 553 747 623 IX.
862 565 923 636 497

248 654 341 740 Igitur
351 654 474 719 Macedo
484 658 557 719 haud
568 659 667 719 dubius
678 658 789 720 eminus
801 655 924 723 interfici

249 757 354 818 posse,
375 740 505 799 lanceam
524 739 638 830 emisit3
659 760 745 815 quarn
759 738 924 830 Dioxippus

245 839 315 880 cum
326 818 428 897 exigua
438 819 566 892 corporis
577 818 812 878 declinatione
785 837 920 881 vitasset·
909 861 922 894 ,

245 914 402 975 antequam
421 898 474 956 ille
489 897 599 956 hastam
617 897 807 957 transferret
798 919 828 958 tn
847 900 921 960 dex·

245 994 344 1045 tram,
357 976 484 1045 assiluit,
496 993 525 1035 et
536 977 628 1053 stipite
645 977 771 1037 mediant
783 997 847 1037 cam
861 978 920 1038 fre·

244 1056 300 1137 git.
310 1054 426 1114 Amisso
437 1073 558 1133 utroque
570 1057 630 1115 telo
640 1056 781 1123 Macedo,
792 1057 921 1136 gladium

245 1152 372 1212 coeperat
381 1135 539 1215 stringere,
559 1156 645 1212 quem
656 1154 827 1211 occupatum
838 1156 922 1196 com·

243 1217 355 1306 plexu,
372 1214 487 1305 pedibus
506 1234 621 1291 repente
638 1216 779 1275 subductis
795 1215 920 1292 Dioxip·

244 1315 299 1373 pus
316 1293 445 1356 arietavit
462 1294 490 1351 in
507 1310 631 1353 terram·
623 1311 804 1384 ‚ereptoque
821 1294 919 1386 gladio

245 1372 351 1464 pedem
367 1393 449 1450 super
466 1374 607 1434 cervicem
623 1372 740 1449 jacentis
757 1373 918 1463 imposuit,

244 1451 373 1529 stipitem
384 1453 543 1520 intentans,
560 1452 732 1528 elisurusque
743 1473 779 1513 eo
789 1453 917 1522 victum,

243 1552 278 1592 ιιι
270 1531 442 1607 prohibitus
452 1550 523 1592 esset
534 1554 550 1591 a
562 1552 591 1591 te
612 1551 639 1590 e.
651 1531 753 1591 Tristis
766 1531 920 1608 spectaculi

245 1628 389 1678 eventus,
416 1630 476 1669 non
503 1552 708 1671 Macedonibus
733 1612 845 1701 modo,
870 1609 918 1672 sed

244 1690 335 1750 etiam
351 1689 517 1749 Alexandro
533 1690 606 1762 fuit3
627 1689 753 1749 maxime
770 1690 836 1765 quia
850 1691 916 1748 bar

244 1769 307 1830 bari
323 1769 493 1829 adfuerant:
509 1769 613 1846 quippe
628 1769 799 1828 celebratam
816 1770 918 1828 Mace-

244 1848 355 1909 donum
364 1844 559 1908 fortitudinem
576 1848 610 1907 ad
626 1848 778 1907 ludibrium
788 1847 922 1909 recidisse

244 1930 407 1990 verebatur.
423 1927 502 1988 Hinc
513 1928 546 1987 ad
561 1927 792 1995 criminationem
804 1926 918 1987 invido·

239 2008 456 2085 wmadapenae
468 2026 532 2067 sunt
542 2028 622 2067 aures
634 2006 718 2088 regis.
728 2006 764 2066 Et
775 2025 839 2083 post
848 2028 918 2085 pau·

243 2091 299 2147 τὸς
314 2085 397 2145 dies
388 2106 460 2146 anter
478 2089 575 2163 epulas
592 2098 709 2174 aureum
727 2088 864 2176 poculum
880 2103 919 2146 ex

242 2165 410 2255 composito
427 2163 607 2234 subducitur;
629 2163 820 2241 ministrique,
838 2161 919 2241 quasi

242 2243 423 2310 amisissent,
441 2242 516 2319 quod
540 2259 728 2314 amoverant,
747 2263 844 2333 regem
865 2242 919 2303 ad·

242 2339 323 2383 eunt.
339 2322 416 2414 Sps-pe
429 2342 521 2380 minus
529 2339 570 2381 est
581 2338 744 2383 constantie
753 2344 780 2381 ιιι
794 2325 921 2390 rubore,
946 2377 953 2388 ,
1011 2395 1014 2402 Ι
1034 2369 1039 2376 .

243 2423 331 2492 quam
360 2401 388 2460 in
395 2402 508 2476 culpa
534 2401 708 2477 Coniectum
737 2403 888 2462 oculorum
904 2433 930 2474 χ·
982 2412 1003 2470 ζ.

245 2480 348 2560 quibus
358 2498 389 2539 ut
401 2479 445 2540 fur
455 2478 660 2548 destinabatur
674 2480 922 2557 Dioxippusferre
977 2487 990 2508 ¹·

244 2581 307 2621 non
322 2558 438 2637 potuit·
456 2577 484 2619 et
500 2580 567 2618 cum
582 2561 740 2620 excessisset
756 2560 893 2620 convivio
904 2594 920 2627 ,

241 2640 332 2703 literis
349 2639 534 2731 conscriptis,
554 2662 614 2716 quae
630 2639 690 2716 regi
714 2640 915 2706 redderentur,

243 2720 321 2781 ferro
342 2739 370 2778 se
387 2718 540 2779 interemit.
560 2718 695 2779 Graviter
714 2737 838 2778 mortem
857 2719 922 2794 ejus

242 2798 310 2861 tulit
332 2818 405 2867 rex,
428 2798 591 2857 existimans
610 2798 811 2891 indignationis
831 2816 918 2864 esse,
968 2861 976 2874 ,

243 2897 305 2940 non
323 2878 495 2954 poenitentiae
508 2895 634 2937 testem:
645 2880 750 2970 utique
765 2889 919 2955 postquam

243 2957 652 3031 falsoinsimulatumeum,
624 2955 925 3022 numiuminvidotutu

244 3032 380 3119 gaudium
393 3033 532 3115 ostendit,¹
765 3036 795 3098 T
814 3052 830 3099 t
