2625 4017
503 530 694 598 LIBER
734 534 829 598 III·
949 546 1008 621 '143‘

330 644 389 695 'n'em
402 650 415 704 ,·
430 633 493 713 jam
509 652 550 695 tot
562 633 664 707 urbes,
682 652 729 697 aut
741 650 939 717 expugnatas,
959 654 1011 701 aut

330 714 357 774 in
369 712 464 793 fidem
490 732 645 798 acceptas‚·
672 714 835 794 omniaque,
861 735 922 795 qua
941 733 1011 796 pust

329 809 435 931 rapum
453 811 560 865 erant,
578 812 690 863 strata,
708 811 735 853 et
749 790 866 874 pedibus
886 794 1006 875 ipsorum

330 892 359 931 su
373 874 454 951 jecta
462 876 653 935 memorabat.
665 873 741 934 Cum
752 872 1005 948 adieratGraecos;

330 952 525 1022 admonebat,
545 950 579 1012 ab
594 951 633 1013 iis
664 950 772 1011 entibus
786 950 866 1013 iliata
878 949 1005 1016 Groerioe

331 1028 502 1102 trutinatis·
511 1031 616 1121 prius,
636 972 736 1093 deinde
749 1025 859 1091 Xerxis
876 1030 1003 1093 insolen-

332 1110 385 1180 tia,
400 1128 501 1189 aquam
512 1129 602 1189 ipsum
617 1128 772 1188 terramque
783 1108 1002 1188 postulantium:

334 1206 359 1247 ut
367 1204 452 1268 neque
455 1186 581 1266 sontium
592 1188 737 1258 haustum,
754 1207 804 1247 nec
814 1184 912 1247 soiitos
924 1187 1002 1250 cibos
1090 1197 1098 1214 '

335 1266 524 1346 relinquerent.
541 1269 619 1329 Dein
636 1266 732 1330 Dedrn
750 1264 850 1345 templa
864 1265 956 1326 ruinis
973 1283 1003 1327 et

337 1343 437 1421 ignibus
455 1367 519 1409 esse
533 1346 624 1408 deleta
636 1387 646 1417 ,
658 1345 740 1406 urbes
757 1363 846 1405 eorum
858 1365 1002 1431 expugna·

338 1438 393 1495 tus,
402 1424 513 1502 federa
528 1424 638 1486 humani
654 1424 795 1501 divinique
802 1423 875 1502 juris
893 1423 998 1486 uitiata

337 1504 473 1584 referebas.
490 1507 602 1583 Illyrios
616 1527 686 1566 vero
702 1523 731 1564 et
745 1502 892 1572 Thracas,
912 1524 998 1581 rapto

338 1581 417 1645 virere
432 1602 558 1656 assuetos
575 1623 586 1655 ,
609 1586 697 1644 aciem
713 1581 831 1642 hostium
847 1600 912 1641 auso
926 1602 995 1661 pur-

336 1676 440 1743 puraque
453 1662 613 1743 fulgentem
634 1661 740 1722 intueri
763 1664 900 1740 jubebat,
921 1682 995 1741 prce-

338 1735 406 1811 dun,
428 1763 485 1802 nun
504 1762 580 1803 arma
590 1760 759 1821 gestantem.
773 1737 873 1808 Irene,
895 1756 921 1799 et
941 1742 995 1801 im·
1056 1786 1060 1795 .

337 1811 436 1880 idibus
445 1819 567 1898 feminis
585 1842 678 1881 aurum
696 1819 753 1880 uiri
768 1818 917 1899 eriperent.
931 1818 991 1880 As-

335 1910 387 1969 pera
402 1899 533 1961 montium
550 1920 658 1961 suorum
670 1901 760 1978 juga,
779 1897 917 1979 nudosque
930 1898 994 1960 cul·

336 1970 389 2048 ies,
417 1997 444 2038 et
468 1995 600 2061 perpetuo
623 1980 746 2058 rigentes
771 1977 859 2057 gelu,¹
886 1976 992 2040 ditibus

334 2046 465 2119 Persarum
481 2079 541 2119 cam
559 2058 587 2118 is
603 2058 734 2138 agrisque
751 2074 896 2125 mutarent.

361 2136 409 2197 Cu
418 2158 447 2201 u.
461 2138 523 2199 XI.
537 2078 604 2205 iarn
617 2139 651 2199 ad
666 2138 717 2199 teli
728 2138 833 2215 jactum
845 2156 988 2215 pervene-

331 2229 408 2294 fflsst,
431 2239 499 2277 curn
518 2217 666 2279 Persarum
685 2217 790 2295 equites
807 2216 940 2277 ferociter
955 2218 986 2277 itt

329 2288 416 2356 lerum
427 2317 517 2358 cornu
529 2296 653 2358 bostium
664 2297 769 2367 invecti
782 2312 855 2355 sunt.
868 2293 986 2372 Quippe

327 2366 416 2437 Darius
432 2377 553 2454 equestri
563 2378 665 2453 ptoelio
679 2376 829 2437 decernere
842 2376 957 2450 optabat
968 2416 984 2444 ‚

325 2451 483 2535 phalangem
490 2456 671 2517 Macedonici
681 2454 984 2516 exercitusrobutesse

323 2535 484 2611 conjectans.
505 2535 627 2612 Jamque
648 2536 737 2596 etiam
757 2533 982 2603 dextrumhAle·

319 2615 405 2689 atandri
416 2615 732 2676 cornu-circumibatur.
746 2612 835 2691 Quod
847 2614 894 2673 ubi
913 2614 981 2673 Ma-

318 2692 378 2754 cedo
399 2694 569 2771 conspexit3
594 2696 700 2755 duabus
719 2693 770 2753 atis
794 2692 921 2773 equitum
942 2689 982 2751 ad

313 2768 399 2850 iugum
412 2773 515 2833 montis
531 2774 608 2850 jussis
624 2771 798 2841 subsistere,
820 2790 929 2833 ceteros
947 2772 977 2831 in

315 2853 431 2912 medium
451 2853 520 2913 belli
539 2853 690 2929 discrimen
709 2869 819 2912 strenue
837 2852 981 2914 transfert·

315 2926 451 2994 Subductis
468 2932 569 2995 deiude
581 2954 618 2995 ex
634 2934 695 3011 acie
711 2930 852 2996 Thessalis
870 2929 975 3008 equiti·
1037 2978 1039 2981 .
