2625 4017
400 580 452 620 ¹loo
502 561 529 614 J.
564 557 753 611 FREINSH·
787 553 979 611 SUPPLEM.

398 648 595 705 Macedonibus,
613 645 654 712 qui
671 645 706 696 ibi
728 644 861 704 curabant,
878 645 967 711 quique
982 663 995 694 a
1012 648 1074 711 regd

397 719 468 769 missi
485 714 595 768 subsidio
612 728 746 771 venerant,
768 730 822 762 cum
842 729 927 778 magna
942 714 1012 763 clade
1033 730 1073 762 re-

396 786 462 850 pulsi
482 800 568 835 sunta
588 798 614 833 ct
630 783 788 859 Memnonem
808 781 954 831 Ptolomeus
973 780 1072 845 excepit

395 851 498 917 Philipp
501 849 595 906 ililius,
610 847 672 913 regii
684 846 795 925 corpqris
805 863 904 908 custos,
917 863 1005 911 praeter
1014 865 1073 911 pro-

392 918 474 983 priam
495 934 592 969 manum
614 916 703 966 Addaei
726 914 900 991 Timandrique
924 915 1072 965 cohortibus

388 985 510 1051 stipatus.
526 989 607 1049 anue
620 998 690 1048 parte
707 983 806 1049 egregie
821 981 935 1034 vicerunt
951 984 1072 1033 Macedo·

393 1069 463 1130 nes,
488 1069 622 1119 quanquam
644 1051 802 1101 Ptolemaeum
824 1051 1019 1115 nudatumque,
1044 1066 1072 1101 et

387 1120 580 1187 sagittariorum
591 1120 677 1168 ducem
691 1118 836 1169 clearchum
847 1135 901 1168 cum
910 1117 1072 1185 quadraginta

373 1238 375 1242 ,
391 1193 470 1242 ferme
484 1184 674 1251 manipularibus
689 1184 847 1243 amisissent3
873 1200 898 1236 et
912 1186 995 1235 hostes
1013 1203 1071 1236 eum

393 1271 463 1306 tanta
472 1253 638 1319 trepidatione
647 1268 814 1311 recesserunt
831 1268 996 1320 utangusturn
1006 1270 1073 1317 pon

391 1338 461 1381 tem,
478 1340 547 1388 quem
559 1323 589 1370 ad
598 1324 687 1371 fossam
697 1322 863 1397 superandam
865 1336 1069 1381 construxerant,

393 1391 530 1441 multitudo
545 1387 711 1439 festinantium
728 1388 838 1452 ruperit,
857 1386 887 1437 iit
897 1388 1072 1453 quisupersti·

380 1472 477 1510 serant
493 1457 518 1506 in
534 1472 640 1519 preceps
650 1456 784 1507 devolutis
799 1459 834 1505 Ex
849 1455 938 1521 quibus
952 1456 1069 1523 nonnulli

386 1542 408 1581 ,ι
416 1524 464 1576 suis
477 1523 631 1574 conculcati'
625 1523 788 1582 interierun13
807 1522 869 1573 alios
881 1525 1029 1574 Macedones
1039 1540 1069 1574 ere

391 1590 519 1669 superiore
532 1593 591 1641 loco
607 1590 665 1641 telis
680 1591 811 1644 confixere.
828 1591 903 1640 Multi
920 1590 1027 1656 quibus'
1021 1606 1069 1642 ista

391 1659 521 1710 calamitas
532 1674 689 1724 pepercerat,
704 1658 767 1709 eub'
755 1675 812 1735 rpsa
822 1656 888 1709 urbis
898 1674 969 1723 porta
980 1675 1068 1711 necem

389 1726 555 1779 invenerunt:
564 1725 656 1791 quippe
673 1724 795 1777 exterritis
813 1726 942 1786 omnibus,
958 1741 1069 1777 metuen-

390 1795 506 1861 tibusque
524 1811 554 1844 ne
570 1794 616 1843 una
633 1793 801 1844 Macedones
795 1809 972 1857 irrumperent,
991 1809 1068 1859 porta

392 1878 547 1926 proepr0.pere
561 1861 677 1919 occlusa,
694 1878 806 1926 magnam
820 1861 999 1925 oppidanorum
1010 1878 1071 1926 par-

387 1944 443 1981 tem
452 1930 483 1979 sd
493 1928 593 1980 exitium
603 1927 670 1978 hosti
678 1928 790 1981 tradidit
804 1933 871 1980 Inter
878 1930 928 1981 bec
938 1927 1068 1992 Ephialtes

390 2012 444 2048 non
459 2014 501 2062 spe
515 1995 593 2075 magis
608 2014 680 2074 quam
697 1995 866 2061 desperatione
880 1995 1064 2075 formidabilis,

391 2081 449 2115 cum
460 2062 661 2141 regiisferociter
676 2064 824 2114 dimicabat:
838 2078 865 2114 et
880 2064 1012 2144 ancipitem
1028 2069 1068 2116 fe·

386 2132 468 2186 ‚sisset
485 2130 638 2189 victoriam,
664 2131 689 2181 ni
706 2131 872 2188 laborantibus
887 2132 937 2184 suis
954 2131 1067 2211 seniores

389 2200 556 2250 Macedonum
576 2214 671 2249 maure
693 2198 877 2251 succurrissent.
895 2199 960 2251 liin
977 2200 1067 2252 eastris

387 2265 572 2346 habebantur'
564 2283 687 2345 immunes
702 2283 804 2332 opetum
826 2266 1067 2334 periculorumque,

387 2333 437 2385 nisi
452 2334 493 2386 ubi
504 2333 635 2385 necessitas
650 2333 777 2402 exigerem
794 2335 987 2401 cumstipendiis
1004 2353 1067 2401 prae·

387 2402 496 2469 miisqne
521 2402 682 2455 nihilominus
706 2408 894 2468 perfruerentur.
922 2406 1066 2458 Meruerant

389 2486 445 2522 eum
456 2472 575 2521 honorem
588 2470 793 2531 fortibusfactis,
810 2487 836 2523 et
845 2473 887 2522 sub
897 2471 1065 2537 superioribus

388 2537 524 2604 regibus'
517 2555 619 2617 ipsoque
642 2539 787 2596 Alexandro
814 2540 911 2592 bellicis
935 2538 1066 2607 laboribus

387 2620 462 2657 atate
477 2622 571 2662 aecta.
588 2605 609 2657 li
624 2624 679 2658 cum
694 2623 751 2658 suos
768 2606 884 2672 periculis
899 2599 1001 2659 territos
1018 2610 1064 2659 de·

387 2688 496 2726 nectare
512 2690 635 2752 pugnam,
653 2688 679 2725 et
696 2674 804 2739 receptui
819 2676 939 2727 locum
918 2676 1065 2740 circumspi-

390 2740 642 2819 cereintelligetent,
656 2742 985 2807 Atheriaquodamduce‚'
978 2743 1065 2809 rnpri·

390 2825 456 2877 mem
474 2807 551 2858 aciem
567 2810 719 2889 provolant3
739 2825 891 2890 accensoque
908 2813 975 2878 quod
992 2813 1065 2864 elam·

389 2890 479 2942 gustat
493 2875 616 2941 praelio,'
609 2874 718 2938 juniores
730 2877 851 2930 conviciis
866 2895 892 2930 et
906 2881 1000 2944 pudore
1015 2880 1065 2931 fla·

389 2943 1063 3036 giriladresumendosaninespompelluntaltasimul
