<?xml version="1.0" encoding="UTF-8"?>
<!DOCTYPE html PUBLIC "-//W3C//DTD XHTML 1.0 Transitional//EN"
    "http://www.w3.org/TR/xhtml1/DTD/xhtml1-transitional.dtd">
<html xmlns="http://www.w3.org/1999/xhtml" xml:lang="en" lang="en">
 <head>
  <title>
</title>
<meta http-equiv="Content-Type" content="text/html;charset=utf-8" />
  <meta name='ocr-system' content='tesseract 3.04.00' />
  <meta name='ocr-capabilities' content='ocr_page ocr_carea ocr_par ocr_line ocrx_word'/>
</head>
<body>
  <div class='ocr_page' id='page_1' title='image "./qcurtiirufidere00rufugoog_0397.png"; bbox 0 0 2625 4017; ppageno 0'>
   <div class='ocr_carea' id='block_1_1' title="bbox 316 547 895 639">
    <p class='ocr_par' dir='ltr' id='par_1_1' title="bbox 316 547 895 639">
     <span class='ocr_line' id='line_1_1' title="bbox 316 547 895 639; baseline -0.003 -20"><span class='ocrx_word' id='word_1_1' title='bbox 316 547 318 552; x_wconf 79' lang='grc'>’</span> <span class='ocrx_word' id='word_1_2' title='bbox 383 557 440 639; x_wconf 67' lang='lat'>3⁶⁸</span> <span class='ocrx_word' id='word_1_3' title='bbox 564 554 607 636; x_wconf 83' lang='lat' dir='ltr'>Q.</span> <span class='ocrx_word' id='word_1_4' title='bbox 655 554 895 618; x_wconf 76' lang='lat' dir='ltr'>cunuti</span> 
     </span>
    </p>
   </div>
   <div class='ocr_carea' id='block_1_2' title="bbox 372 657 1088 3039">
    <p class='ocr_par' dir='ltr' id='par_1_2' title="bbox 372 657 1088 3039">
     <span class='ocr_line' id='line_1_2' title="bbox 381 657 1062 739; baseline 0.001 -23"><span class='ocrx_word' id='word_1_5' title='bbox 381 657 483 734; x_wconf 82' lang='lat' dir='ltr'>implet</span> <span class='ocrx_word' id='word_1_6' title='bbox 500 657 678 739; x_wconf 85' lang='lat' dir='ltr'>‚.portigens</span> <span class='ocrx_word' id='word_1_7' title='bbox 696 658 766 737; x_wconf 85' lang='lat' dir='ltr'>regi.</span> <span class='ocrx_word' id='word_1_8' title='bbox 781 658 834 719; x_wconf 81' lang='lat' dir='ltr'>lile</span> <span class='ocrx_word' id='word_1_9' title='bbox 850 657 911 718; x_wconf 83' lang='lat' dir='ltr'>acci</span> <span class='ocrx_word' id='word_1_10' title='bbox 932 657 976 717; x_wconf 80' lang='lat' dir='ltr'>it:</span> <span class='ocrx_word' id='word_1_11' title='bbox 1008 674 1062 717; x_wconf 67' lang='grc' dir='ltr'>ειο·</span> 
     </span>
     <span class='ocr_line' id='line_1_3' title="bbox 382 676 1059 815; baseline -0.003 -18"><span class='ocrx_word' id='word_1_12' title='bbox 382 755 512 797; x_wconf 87' lang='lat' dir='ltr'>comatus</span> <span class='ocrx_word' id='word_1_13' title='bbox 522 735 618 815; x_wconf 83' lang='lat' dir='ltr'>quibus</span> <span class='ocrx_word' id='word_1_14' title='bbox 628 757 724 815; x_wconf 80' lang='lat' dir='ltr'>aquam</span> <span class='ocrx_word' id='word_1_15' title='bbox 733 754 890 814; x_wconf 83' lang='lat' dir='ltr'>portarent,</span> <span class='ocrx_word' id='word_1_16' title='bbox 892 680 970 815; x_wconf 51' lang='lat' dir='ltr'>titis</span> <span class='ocrx_word' id='word_1_17' title='bbox 975 676 1059 809; x_wconf 55' lang='lat' dir='ltr'>ferre</span> 
     </span>
     <span class='ocr_line' id='line_1_4' title="bbox 382 815 1059 895; baseline -0.003 -19"><span class='ocrx_word' id='word_1_18' title='bbox 382 815 542 895; x_wconf 76' lang='lat' dir='ltr'><strong>cognoscit.</strong></span> <span class='ocrx_word' id='word_1_19' title='bbox 556 816 641 876; x_wconf 89' lang='lat' dir='ltr'>Tune</span> <span class='ocrx_word' id='word_1_20' title='bbox 652 818 759 894; x_wconf 81' lang='lat' dir='ltr'>poculo</span> <span class='ocrx_word' id='word_1_21' title='bbox 770 819 855 891; x_wconf 83' lang='lat' dir='ltr'>pieno</span> <span class='ocrx_word' id='word_1_22' title='bbox 866 856 876 885; x_wconf 89' lang='lat'>‚</span> <span class='ocrx_word' id='word_1_23' title='bbox 889 816 960 876; x_wconf 86' lang='lat' dir='ltr'>sicut</span> <span class='ocrx_word' id='word_1_24' title='bbox 974 817 1059 874; x_wconf 86' lang='lat' dir='ltr'>obla-</span> 
     </span>
     <span class='ocr_line' id='line_1_5' title="bbox 381 892 1058 971; baseline -0.003 -16"><span class='ocrx_word' id='word_1_25' title='bbox 381 912 443 955; x_wconf 89' lang='lat' dir='ltr'>tutn</span> <span class='ocrx_word' id='word_1_26' title='bbox 455 911 515 961; x_wconf 86' lang='lat' dir='ltr'>est,</span> <span class='ocrx_word' id='word_1_27' title='bbox 531 895 659 967; x_wconf 86' lang='lat' dir='ltr'>reddito;</span> <span class='ocrx_word' id='word_1_28' title='bbox 672 915 722 954; x_wconf 87' lang='lat' dir='ltr'>nec</span> <span class='ocrx_word' id='word_1_29' title='bbox 733 893 808 953; x_wconf 80' lang='lat' dir='ltr'>solus</span> <span class='ocrx_word' id='word_1_30' title='bbox 818 934 827 964; x_wconf 90' lang='lat'>,</span> <span class='ocrx_word' id='word_1_31' title='bbox 838 895 945 971; x_wconf 82' lang='lat' dir='ltr'>inquit,</span> <span class='ocrx_word' id='word_1_32' title='bbox 959 892 1058 953; x_wconf 83' lang='lat' dir='ltr'>bibere</span> 
     </span>
     <span class='ocr_line' id='line_1_6' title="bbox 381 970 1058 1051; baseline -0.003 -18"><span class='ocrx_word' id='word_1_33' title='bbox 381 972 506 1033; x_wconf 76' lang='lat' dir='ltr'><em>sustineo</em></span> <span class='ocrx_word' id='word_1_34' title='bbox 520 993 533 1043; x_wconf 88' lang='lat'><em>;</em></span> <span class='ocrx_word' id='word_1_35' title='bbox 555 995 605 1033; x_wconf 87' lang='lat' dir='ltr'>nec</span> <span class='ocrx_word' id='word_1_36' title='bbox 618 992 674 1033; x_wconf 84' lang='lat' dir='ltr'>rant</span> <span class='ocrx_word' id='word_1_37' title='bbox 686 973 815 1051; x_wconf 81' lang='lat' dir='ltr'>exiguum</span> <span class='ocrx_word' id='word_1_38' title='bbox 828 971 952 1032; x_wconf 78' lang='lat' dir='ltr'>dividere</span> <span class='ocrx_word' id='word_1_39' title='bbox 964 970 1058 1031; x_wconf 83' lang='lat' dir='ltr'>omni-</span> 
     </span>
     <span class='ocr_line' id='line_1_7' title="bbox 381 1049 1058 1122; baseline 0.001 -12"><span class='ocrx_word' id='word_1_40' title='bbox 381 1050 433 1111; x_wconf 83' lang='lat' dir='ltr'>bus</span> <span class='ocrx_word' id='word_1_41' title='bbox 463 1071 564 1111; x_wconf 85' lang='lat' dir='ltr'>ossum.</span> <span class='ocrx_word' id='word_1_42' title='bbox 576 1050 632 1114; x_wconf 87' lang='lat' dir='ltr'>Vos</span> <span class='ocrx_word' id='word_1_43' title='bbox 645 1051 770 1120; x_wconf 82' lang='lat' dir='ltr'>currite,</span> <span class='ocrx_word' id='word_1_44' title='bbox 785 1069 811 1111; x_wconf 85' lang='lat' dir='ltr'>et</span> <span class='ocrx_word' id='word_1_45' title='bbox 821 1049 918 1111; x_wconf 79' lang='lat' dir='ltr'>liberis</span> <span class='ocrx_word' id='word_1_46' title='bbox 928 1050 1058 1122; x_wconf 81' lang='lat' dir='ltr'>uestris,</span> 
     </span>
     <span class='ocr_line' id='line_1_8' title="bbox 381 1072 1057 1209; baseline 0.004 -20"><span class='ocrx_word' id='word_1_47' title='bbox 381 1072 571 1209; x_wconf 54' lang='lat' dir='ltr'>quouepropter</span> <span class='ocrx_word' id='word_1_48' title='bbox 585 1130 648 1191; x_wconf 85' lang='lat' dir='ltr'>illos</span> <span class='ocrx_word' id='word_1_49' title='bbox 660 1129 814 1198; x_wconf 76' lang='lat' dir='ltr'>attulistis,</span> <span class='ocrx_word' id='word_1_50' title='bbox 833 1129 908 1194; x_wconf 81' lang='lat' dir='ltr'>date.</span> <span class='ocrx_word' id='word_1_51' title='bbox 921 1128 1057 1191; x_wconf 83' lang='lat' dir='ltr'>Tandem</span> 
     </span>
     <span class='ocr_line' id='line_1_9' title="bbox 381 1208 1057 1287; baseline 0 -17"><span class='ocrx_word' id='word_1_52' title='bbox 381 1210 418 1270; x_wconf 87' lang='lat' dir='ltr'>ad</span> <span class='ocrx_word' id='word_1_53' title='bbox 433 1208 539 1270; x_wconf 82' lang='lat' dir='ltr'>flumen</span> <span class='ocrx_word' id='word_1_54' title='bbox 555 1210 657 1271; x_wconf 81' lang='lat' dir='ltr'>Oxum</span> <span class='ocrx_word' id='word_1_55' title='bbox 674 1212 732 1287; x_wconf 87' lang='lat' dir='ltr'>ipse</span> <span class='ocrx_word' id='word_1_56' title='bbox 749 1210 877 1287; x_wconf 85' lang='lat' dir='ltr'>pervenit</span> <span class='ocrx_word' id='word_1_57' title='bbox 889 1209 981 1287; x_wconf 89' lang='lat' dir='ltr'>prima</span> <span class='ocrx_word' id='word_1_58' title='bbox 993 1210 1057 1270; x_wconf 86' lang='lat' dir='ltr'>fere</span> 
     </span>
     <span class='ocr_line' id='line_1_10' title="bbox 380 1288 1057 1370; baseline -0.001 -21"><span class='ocrx_word' id='word_1_59' title='bbox 380 1308 510 1367; x_wconf 84' lang='lat' dir='ltr'>vespera.</span> <span class='ocrx_word' id='word_1_60' title='bbox 523 1288 577 1349; x_wconf 84' lang='lat' dir='ltr'>Sed</span> <span class='ocrx_word' id='word_1_61' title='bbox 589 1291 727 1350; x_wconf 82' lang='lat' dir='ltr'>exercitus</span> <span class='ocrx_word' id='word_1_62' title='bbox 739 1311 842 1370; x_wconf 86' lang='lat' dir='ltr'>magna</span> <span class='ocrx_word' id='word_1_63' title='bbox 855 1310 918 1366; x_wconf 83' lang='lat' dir='ltr'>pars</span> <span class='ocrx_word' id='word_1_64' title='bbox 926 1309 986 1348; x_wconf 91' lang='lat' dir='ltr'>non</span> <span class='ocrx_word' id='word_1_65' title='bbox 998 1310 1057 1366; x_wconf 84' lang='lat' dir='ltr'>po·-</span> 
     </span>
     <span class='ocr_line' id='line_1_11' title="bbox 381 1366 1058 1447; baseline 0 -18"><span class='ocrx_word' id='word_1_66' title='bbox 381 1384 474 1429; x_wconf 84' lang='lat' dir='ltr'>tuetat</span> <span class='ocrx_word' id='word_1_67' title='bbox 487 1370 640 1446; x_wconf 82' lang='lat' dir='ltr'>consequi:</span> <span class='ocrx_word' id='word_1_68' title='bbox 652 1366 765 1428; x_wconf 81' lang='lat' dir='ltr'>inedito</span> <span class='ocrx_word' id='word_1_69' title='bbox 777 1387 867 1428; x_wconf 87' lang='lat' dir='ltr'>monte</span> <span class='ocrx_word' id='word_1_70' title='bbox 880 1368 960 1447; x_wconf 86' lang='lat' dir='ltr'>ignes</span> <span class='ocrx_word' id='word_1_71' title='bbox 977 1367 1058 1445; x_wconf 80' lang='lat' dir='ltr'>jubet</span> 
     </span>
     <span class='ocr_line' id='line_1_12' title="bbox 372 1442 1059 1526; baseline 0.001 -21"><span class='ocrx_word' id='word_1_72' title='bbox 372 1442 446 1525; x_wconf 77' lang='lat' dir='ltr'>fieri</span> <span class='ocrx_word' id='word_1_73' title='bbox 456 1486 466 1514; x_wconf 90' lang='lat'>‚</span> <span class='ocrx_word' id='word_1_74' title='bbox 488 1463 517 1503; x_wconf 85' lang='lat' dir='ltr'>ut</span> <span class='ocrx_word' id='word_1_75' title='bbox 534 1445 578 1516; x_wconf 80' lang='lat' dir='ltr'>ti,</span> <span class='ocrx_word' id='word_1_76' title='bbox 597 1446 642 1525; x_wconf 82' lang='lat' dir='ltr'>qui</span> <span class='ocrx_word' id='word_1_77' title='bbox 666 1466 740 1525; x_wconf 87' lang='lat' dir='ltr'>aegre</span> <span class='ocrx_word' id='word_1_78' title='bbox 758 1446 958 1526; x_wconf 78' lang='lat' dir='ltr'>sequebantur,</span> <span class='ocrx_word' id='word_1_79' title='bbox 980 1443 1059 1506; x_wconf 76' lang='lat' dir='ltr'>haud</span> 
     </span>
     <span class='ocr_line' id='line_1_13' title="bbox 377 1522 1055 1605; baseline 0.003 -22"><span class='ocrx_word' id='word_1_80' title='bbox 377 1523 477 1605; x_wconf 78' lang='lat' dir='ltr'>procul</span> <span class='ocrx_word' id='word_1_81' title='bbox 496 1524 598 1585; x_wconf 83' lang='lat' dir='ltr'>castris</span> <span class='ocrx_word' id='word_1_82' title='bbox 614 1546 645 1584; x_wconf 87' lang='lat' dir='ltr'>se</span> <span class='ocrx_word' id='word_1_83' title='bbox 661 1526 758 1585; x_wconf 83' lang='lat' dir='ltr'>abesse</span> <span class='ocrx_word' id='word_1_84' title='bbox 776 1543 981 1605; x_wconf 84' lang='lat' dir='ltr'>cognoscerent.</span> <span class='ocrx_word' id='word_1_85' title='bbox 993 1522 1055 1585; x_wconf 83' lang='lat' dir='ltr'>Eos·</span> 
     </span>
     <span class='ocr_line' id='line_1_14' title="bbox 378 1602 1055 1685; baseline 0 -20"><span class='ocrx_word' id='word_1_86' title='bbox 378 1620 478 1665; x_wconf 79' lang='lat' dir='ltr'>autent</span> <span class='ocrx_word' id='word_1_87' title='bbox 489 1645 501 1673; x_wconf 88' lang='lat'><em>,</em></span> <span class='ocrx_word' id='word_1_88' title='bbox 521 1604 566 1682; x_wconf 77' lang='lat' dir='ltr'>qui</span> <span class='ocrx_word' id='word_1_89' title='bbox 584 1603 667 1685; x_wconf 81' lang='lat' dir='ltr'>primi</span> <span class='ocrx_word' id='word_1_90' title='bbox 685 1602 807 1683; x_wconf 78' lang='lat' dir='ltr'>agminis</span> <span class='ocrx_word' id='word_1_91' title='bbox 826 1622 926 1672; x_wconf 84' lang='lat' dir='ltr'>erant,</span> <span class='ocrx_word' id='word_1_92' title='bbox 948 1622 1055 1665; x_wconf 82' lang='lat' dir='ltr'>mature</span> 
     </span>
     <span class='ocr_line' id='line_1_15' title="bbox 379 1680 1054 1764; baseline -0.001 -20"><span class='ocrx_word' id='word_1_93' title='bbox 379 1680 443 1745; x_wconf 78' lang='lat' dir='ltr'>cibo</span> <span class='ocrx_word' id='word_1_94' title='bbox 452 1703 486 1743; x_wconf 86' lang='lat' dir='ltr'>ac</span> <span class='ocrx_word' id='word_1_95' title='bbox 491 1684 602 1763; x_wconf 82' lang='lat' dir='ltr'>potione</span> <span class='ocrx_word' id='word_1_96' title='bbox 603 1680 733 1763; x_wconf 82' lang='lat' dir='ltr'>firmatos</span> <span class='ocrx_word' id='word_1_97' title='bbox 744 1726 755 1752; x_wconf 90' lang='lat'><em>,</em></span> <span class='ocrx_word' id='word_1_98' title='bbox 768 1683 878 1764; x_wconf 82' lang='lat' dir='ltr'>implere</span> <span class='ocrx_word' id='word_1_99' title='bbox 887 1682 1054 1755; x_wconf 80' lang='lat' dir='ltr'>aiiosutres,</span> 
     </span>
     <span class='ocr_line' id='line_1_16' title="bbox 380 1759 1055 1842; baseline 0 -20"><span class='ocrx_word' id='word_1_100' title='bbox 380 1759 454 1822; x_wconf 82' lang='lat' dir='ltr'>alios</span> <span class='ocrx_word' id='word_1_101' title='bbox 471 1782 556 1829; x_wconf 80' lang='lat' dir='ltr'>uasa,</span> <span class='ocrx_word' id='word_1_102' title='bbox 573 1761 782 1841; x_wconf 78' lang='lat' dir='ltr'>quibuscumque</span> <span class='ocrx_word' id='word_1_103' title='bbox 798 1784 867 1842; x_wconf 79' lang='lat' dir='ltr'>aqua</span> <span class='ocrx_word' id='word_1_104' title='bbox 883 1761 974 1842; x_wconf 77' lang='lat' dir='ltr'><em>possit</em></span> <span class='ocrx_word' id='word_1_105' title='bbox 988 1781 1055 1842; x_wconf 85' lang='lat' dir='ltr'>por·</span> 
     </span>
     <span class='ocr_line' id='line_1_17' title="bbox 379 1839 1068 1921; baseline 0.006 -20"><span class='ocrx_word' id='word_1_106' title='bbox 379 1839 461 1908; x_wconf 85' lang='lat' dir='ltr'>tari,</span> <span class='ocrx_word' id='word_1_107' title='bbox 482 1841 579 1918; x_wconf 87' lang='lat' dir='ltr'>jussit,</span> <span class='ocrx_word' id='word_1_108' title='bbox 599 1861 631 1900; x_wconf 84' lang='lat' dir='ltr'>uc</span> <span class='ocrx_word' id='word_1_109' title='bbox 651 1841 712 1901; x_wconf 85' lang='lat' dir='ltr'>suis</span> <span class='ocrx_word' id='word_1_110' title='bbox 732 1862 807 1921; x_wconf 84' lang='lat' dir='ltr'>opem</span> <span class='ocrx_word' id='word_1_111' title='bbox 820 1840 909 1917; x_wconf 78' lang='lat' dir='ltr'>ferre.</span> <span class='ocrx_word' id='word_1_112' title='bbox 930 1841 985 1901; x_wconf 85' lang='lat' dir='ltr'>Sed</span> <span class='ocrx_word' id='word_1_113' title='bbox 1004 1840 1068 1919; x_wconf 53' lang='lat' dir='ltr'>qui,</span> 
     </span>
     <span class='ocr_line' id='line_1_18' title="bbox 378 1917 1056 1997; baseline 0 -16"><span class='ocrx_word' id='word_1_114' title='bbox 378 1917 615 1997; x_wconf 80' lang='lat' dir='ltr'>intemperantius</span> <span class='ocrx_word' id='word_1_115' title='bbox 632 1918 783 1982; x_wconf 75' lang='lat' dir='ltr'>hauserant</span> <span class='ocrx_word' id='word_1_116' title='bbox 791 1962 803 1989; x_wconf 85' lang='lat'><em>,</em></span> <span class='ocrx_word' id='word_1_117' title='bbox 822 1922 976 1982; x_wconf 86' lang='lat' dir='ltr'>intercluso</span> <span class='ocrx_word' id='word_1_118' title='bbox 995 1922 1056 1997; x_wconf 89' lang='lat' dir='ltr'>spi·</span> 
     </span>
     <span class='ocr_line' id='line_1_19' title="bbox 379 1998 1054 2078; baseline 0.007 -20"><span class='ocrx_word' id='word_1_119' title='bbox 379 1998 435 2058; x_wconf 87' lang='lat' dir='ltr'>ritu</span> <span class='ocrx_word' id='word_1_120' title='bbox 453 1999 569 2059; x_wconf 83' lang='lat' dir='ltr'>extincti</span> <span class='ocrx_word' id='word_1_121' title='bbox 585 2018 648 2058; x_wconf 89' lang='lat' dir='ltr'>sunt</span> <span class='ocrx_word' id='word_1_122' title='bbox 662 2023 671 2060; x_wconf 79' lang='lat' dir='ltr'>r</span> <span class='ocrx_word' id='word_1_123' title='bbox 686 2001 834 2077; x_wconf 85' lang='lat' dir='ltr'>multoque</span> <span class='ocrx_word' id='word_1_124' title='bbox 844 2000 939 2078; x_wconf 87' lang='lat' dir='ltr'>major</span> <span class='ocrx_word' id='word_1_125' title='bbox 947 1998 1054 2063; x_wconf 85' lang='lat' dir='ltr'>horum</span> 
     </span>
     <span class='ocr_line' id='line_1_20' title="bbox 378 2077 1055 2156; baseline 0.007 -20"><span class='ocrx_word' id='word_1_126' title='bbox 378 2095 513 2138; x_wconf 83' lang='lat' dir='ltr'>numerus</span> <span class='ocrx_word' id='word_1_127' title='bbox 528 2077 599 2146; x_wconf 68' lang='lat' dir='ltr'>fuit,</span> <span class='ocrx_word' id='word_1_128' title='bbox 618 2101 703 2155; x_wconf 92' lang='lat' dir='ltr'>quam</span> <span class='ocrx_word' id='word_1_129' title='bbox 719 2080 780 2138; x_wconf 91' lang='lat' dir='ltr'>ullo</span> <span class='ocrx_word' id='word_1_130' title='bbox 795 2081 925 2140; x_wconf 84' lang='lat' dir='ltr'>amiserat</span> <span class='ocrx_word' id='word_1_131' title='bbox 942 2080 1055 2156; x_wconf 79' lang='lat' dir='ltr'>prelio.</span> 
     </span>
     <span class='ocr_line' id='line_1_21' title="bbox 378 2154 1055 2229; baseline 0.007 -13"><span class='ocrx_word' id='word_1_132' title='bbox 378 2154 422 2216; x_wconf 83' lang='lat' dir='ltr'>At</span> <span class='ocrx_word' id='word_1_133' title='bbox 441 2156 490 2216; x_wconf 86' lang='lat' dir='ltr'>ille</span> <span class='ocrx_word' id='word_1_134' title='bbox 509 2154 655 2218; x_wconf 82' lang='lat' dir='ltr'>thoracem</span> <span class='ocrx_word' id='word_1_135' title='bbox 673 2157 763 2219; x_wconf 84' lang='lat' dir='ltr'>adhuc</span> <span class='ocrx_word' id='word_1_136' title='bbox 775 2158 905 2229; x_wconf 86' lang='lat' dir='ltr'>indutus,</span> <span class='ocrx_word' id='word_1_137' title='bbox 926 2180 981 2219; x_wconf 88' lang='lat' dir='ltr'>nec</span> <span class='ocrx_word' id='word_1_138' title='bbox 1001 2175 1055 2221; x_wconf 89' lang='lat' dir='ltr'>aut</span> 
     </span>
     <span class='ocr_line' id='line_1_22' title="bbox 378 2235 1055 2315; baseline 0.003 -18"><span class='ocrx_word' id='word_1_139' title='bbox 378 2235 448 2297; x_wconf 81' lang='lat' dir='ltr'>cibo</span> <span class='ocrx_word' id='word_1_140' title='bbox 459 2237 577 2297; x_wconf 88' lang='lat' dir='ltr'>refectus</span> <span class='ocrx_word' id='word_1_141' title='bbox 586 2256 634 2296; x_wconf 88' lang='lat' dir='ltr'>aut</span> <span class='ocrx_word' id='word_1_142' title='bbox 645 2256 715 2315; x_wconf 88' lang='lat' dir='ltr'>potu</span> <span class='ocrx_word' id='word_1_143' title='bbox 730 2260 739 2311; x_wconf 89' lang='lat'>;</span> <span class='ocrx_word' id='word_1_144' title='bbox 760 2259 816 2315; x_wconf 86' lang='lat' dir='ltr'>qua</span> <span class='ocrx_word' id='word_1_145' title='bbox 828 2239 959 2300; x_wconf 83' lang='lat' dir='ltr'>veniebat</span> <span class='ocrx_word' id='word_1_146' title='bbox 969 2259 1055 2299; x_wconf 85' lang='lat' dir='ltr'>exer-</span> 
     </span>
     <span class='ocr_line' id='line_1_23' title="bbox 378 2314 1054 2384; baseline 0.003 -8"><span class='ocrx_word' id='word_1_147' title='bbox 378 2314 473 2384; x_wconf 83' lang='lat' dir='ltr'>citus,</span> <span class='ocrx_word' id='word_1_148' title='bbox 495 2316 632 2378; x_wconf 87' lang='lat' dir='ltr'>constitit.</span> <span class='ocrx_word' id='word_1_149' title='bbox 662 2318 726 2377; x_wconf 89' lang='lat' dir='ltr'>Nec</span> <span class='ocrx_word' id='word_1_150' title='bbox 751 2336 815 2377; x_wconf 86' lang='lat' dir='ltr'>ante</span> <span class='ocrx_word' id='word_1_151' title='bbox 836 2318 870 2376; x_wconf 84' lang='lat' dir='ltr'>ad</span> <span class='ocrx_word' id='word_1_152' title='bbox 894 2318 1054 2378; x_wconf 85' lang='lat' dir='ltr'>curandum</span> 
     </span>
     <span class='ocr_line' id='line_1_24' title="bbox 377 2396 1054 2475; baseline 0.003 -19"><span class='ocrx_word' id='word_1_153' title='bbox 377 2414 481 2471; x_wconf 75' lang='lat' dir='ltr'>corpus</span> <span class='ocrx_word' id='word_1_154' title='bbox 503 2396 648 2465; x_wconf 76' lang='lat' dir='ltr'>recessit„</span> <span class='ocrx_word' id='word_1_155' title='bbox 661 2418 746 2472; x_wconf 85' lang='lat' dir='ltr'>quant</span> <span class='ocrx_word' id='word_1_156' title='bbox 766 2397 955 2474; x_wconf 79' lang='lat' dir='ltr'>praeterierant</span> <span class='ocrx_word' id='word_1_157' title='bbox 969 2437 979 2467; x_wconf 91' lang='lat'>‚</span> <span class='ocrx_word' id='word_1_158' title='bbox 1001 2397 1054 2475; x_wconf 87' lang='lat' dir='ltr'>qui</span> 
     </span>
     <span class='ocr_line' id='line_1_25' title="bbox 378 2478 1053 2553; baseline 0.007 -21"><span class='ocrx_word' id='word_1_159' title='bbox 378 2492 484 2553; x_wconf 81' lang='lat' dir='ltr'>agmen</span> <span class='ocrx_word' id='word_1_160' title='bbox 502 2478 688 2552; x_wconf 80' lang='lat' dir='ltr'>sequebantur</span> <span class='ocrx_word' id='word_1_161' title='bbox 704 2498 713 2535; x_wconf 73' lang='grc' dir='ltr'><strong><em>ε</em></strong></span> <span class='ocrx_word' id='word_1_162' title='bbox 730 2493 875 2553; x_wconf 89' lang='lat' dir='ltr'>totamque</span> <span class='ocrx_word' id='word_1_163' title='bbox 894 2498 959 2537; x_wconf 89' lang='lat' dir='ltr'>eam</span> <span class='ocrx_word' id='word_1_164' title='bbox 976 2497 1053 2537; x_wconf 88' lang='lat' dir='ltr'>noc-</span> 
     </span>
     <span class='ocr_line' id='line_1_26' title="bbox 378 2554 1052 2633; baseline 0.01 -22"><span class='ocrx_word' id='word_1_165' title='bbox 378 2568 439 2611; x_wconf 87' lang='lat' dir='ltr'>tem</span> <span class='ocrx_word' id='word_1_166' title='bbox 463 2573 530 2613; x_wconf 88' lang='lat' dir='ltr'>cum</span> <span class='ocrx_word' id='word_1_167' title='bbox 555 2575 661 2633; x_wconf 79' lang='lat' dir='ltr'>magno</span> <span class='ocrx_word' id='word_1_168' title='bbox 688 2554 775 2614; x_wconf 85' lang='lat' dir='ltr'>animi</span> <span class='ocrx_word' id='word_1_169' title='bbox 800 2574 882 2615; x_wconf 87' lang='lat' dir='ltr'>motu</span> <span class='ocrx_word' id='word_1_170' title='bbox 907 2557 1052 2633; x_wconf 85' lang='lat' dir='ltr'>perpetuis</span> 
     </span>
     <span class='ocr_line' id='line_1_27' title="bbox 376 2628 1049 2721; baseline 0.003 -28"><span class='ocrx_word' id='word_1_171' title='bbox 376 2628 484 2721; x_wconf 76' lang='lat' dir='ltr'>vigiliis</span> <span class='ocrx_word' id='word_1_172' title='bbox 500 2632 568 2713; x_wconf 89' lang='lat' dir='ltr'>egit.</span> <span class='ocrx_word' id='word_1_173' title='bbox 587 2634 650 2695; x_wconf 86' lang='lat' dir='ltr'>Nec</span> <span class='ocrx_word' id='word_1_174' title='bbox 665 2651 780 2711; x_wconf 88' lang='lat' dir='ltr'>postero</span> <span class='ocrx_word' id='word_1_175' title='bbox 797 2635 841 2695; x_wconf 89' lang='lat' dir='ltr'>die</span> <span class='ocrx_word' id='word_1_176' title='bbox 855 2636 945 2695; x_wconf 87' lang='lat' dir='ltr'>laetiot</span> <span class='ocrx_word' id='word_1_177' title='bbox 960 2653 1022 2697; x_wconf 87' lang='lat' dir='ltr'>erat</span> <span class='ocrx_word' id='word_1_178' title='bbox 1037 2677 1049 2705; x_wconf 89' lang='lat'><em>,</em></span> 
     </span>
     <span class='ocr_line' id='line_1_28' title="bbox 377 2712 1051 2796; baseline 0.009 -25"><span class='ocrx_word' id='word_1_179' title='bbox 377 2730 443 2787; x_wconf 84' lang='lat' dir='ltr'>quta</span> <span class='ocrx_word' id='word_1_180' title='bbox 459 2730 511 2771; x_wconf 90' lang='lat' dir='ltr'>nec</span> <span class='ocrx_word' id='word_1_181' title='bbox 525 2713 637 2794; x_wconf 79' lang='lat' dir='ltr'>navigia</span> <span class='ocrx_word' id='word_1_182' title='bbox 655 2712 796 2788; x_wconf 59' lang='lat' dir='ltr'>habebam</span> <span class='ocrx_word' id='word_1_183' title='bbox 821 2736 873 2775; x_wconf 88' lang='lat' dir='ltr'>nec</span> <span class='ocrx_word' id='word_1_184' title='bbox 890 2736 962 2792; x_wconf 90' lang='lat' dir='ltr'>pons</span> <span class='ocrx_word' id='word_1_185' title='bbox 977 2715 1051 2796; x_wconf 86' lang='lat' dir='ltr'>erigi</span> 
     </span>
     <span class='ocr_line' id='line_1_29' title="bbox 377 2792 1053 2867; baseline 0.01 -19"><span class='ocrx_word' id='word_1_186' title='bbox 377 2807 489 2867; x_wconf 80' lang='lat' dir='ltr'>poterat</span> <span class='ocrx_word' id='word_1_187' title='bbox 505 2792 612 2852; x_wconf 86' lang='lat' dir='ltr'>circum</span> <span class='ocrx_word' id='word_1_188' title='bbox 628 2812 745 2852; x_wconf 89' lang='lat' dir='ltr'>amnem</span> <span class='ocrx_word' id='word_1_189' title='bbox 756 2794 832 2854; x_wconf 89' lang='lat' dir='ltr'>nudo</span> <span class='ocrx_word' id='word_1_190' title='bbox 844 2793 928 2864; x_wconf 86' lang='lat' dir='ltr'>solo,</span> <span class='ocrx_word' id='word_1_191' title='bbox 943 2811 972 2854; x_wconf 88' lang='lat' dir='ltr'>et</span> <span class='ocrx_word' id='word_1_192' title='bbox 984 2815 1053 2855; x_wconf 80' lang='lat' dir='ltr'>tna·</span> 
     </span>
     <span class='ocr_line' id='line_1_30' title="bbox 377 2868 1051 2953; baseline 0.007 -25"><span class='ocrx_word' id='word_1_193' title='bbox 377 2868 449 2929; x_wconf 89' lang='lat' dir='ltr'>teria</span> <span class='ocrx_word' id='word_1_194' title='bbox 473 2870 599 2930; x_wconf 86' lang='lat' dir='ltr'>maxime</span> <span class='ocrx_word' id='word_1_195' title='bbox 620 2872 720 2934; x_wconf 86' lang='lat' dir='ltr'>sterili.</span> <span class='ocrx_word' id='word_1_196' title='bbox 748 2872 910 2946; x_wconf 82' lang='lat' dir='ltr'>Consilium</span> <span class='ocrx_word' id='word_1_197' title='bbox 933 2872 1051 2953; x_wconf 87' lang='lat' dir='ltr'>igitur,</span> 
     </span>
     <span class='ocr_line' id='line_1_31' title="bbox 375 2947 1088 3039; baseline 0.013 -29"><span class='ocrx_word' id='word_1_198' title='bbox 375 2947 453 3030; x_wconf 66' lang='lat' dir='ltr'>‚quod</span> <span class='ocrx_word' id='word_1_199' title='bbox 479 2970 570 3016; x_wconf 83' lang='lat' dir='ltr'>unum</span> <span class='ocrx_word' id='word_1_200' title='bbox 596 2951 746 3018; x_wconf 76' lang='lat' dir='ltr'>necessitas</span> <span class='ocrx_word' id='word_1_201' title='bbox 771 2954 955 3037; x_wconf 78' lang='lat' dir='ltr'>subjecerat,</span> <span class='ocrx_word' id='word_1_202' title='bbox 982 2952 1057 3028; x_wconf 81' lang='lat' dir='ltr'>init.</span> <span class='ocrx_word' id='word_1_203' title='bbox 1083 3025 1088 3039; x_wconf 38' lang='lat'><strong><em>¹</em></strong></span> 
     </span>
    </p>
   </div>
   <div class='ocr_carea' id='block_1_3' title="bbox 0 0 1318 4017">
    <p class='ocr_par' dir='ltr' id='par_1_3' title="bbox 0 0 1318 4017">
     <span class='ocr_line' id='line_1_32' title="bbox 0 0 1318 4017; baseline 0 1"><span class='ocrx_word' id='word_1_204' title='bbox 0 0 1318 4017; x_wconf 95' lang='lat' dir='ltr'> </span> 
     </span>
    </p>
   </div>
  </div>
 </body>
</html>
