<?xml version="1.0" encoding="UTF-8"?>
<!DOCTYPE html PUBLIC "-//W3C//DTD XHTML 1.0 Transitional//EN"
    "http://www.w3.org/TR/xhtml1/DTD/xhtml1-transitional.dtd">
<html xmlns="http://www.w3.org/1999/xhtml" xml:lang="en" lang="en">
 <head>
  <title>
</title>
<meta http-equiv="Content-Type" content="text/html;charset=utf-8" />
  <meta name='ocr-system' content='tesseract 3.04.00' />
  <meta name='ocr-capabilities' content='ocr_page ocr_carea ocr_par ocr_line ocrx_word'/>
</head>
<body>
  <div class='ocr_page' id='page_1' title='image "./qcurtiirufidere00rufugoog_0333.png"; bbox 0 0 2625 4017; ppageno 0'>
   <div class='ocr_carea' id='block_1_1' title="bbox 400 535 904 622">
    <p class='ocr_par' dir='ltr' id='par_1_1' title="bbox 400 535 904 622">
     <span class='ocr_line' id='line_1_1' title="bbox 400 535 904 622; baseline 0 -21"><span class='ocrx_word' id='word_1_1' title='bbox 400 561 459 622; x_wconf 81' lang='lat'>304</span> <span class='ocrx_word' id='word_1_2' title='bbox 579 535 622 617; x_wconf 87' lang='lat' dir='ltr'>Q</span> <span class='ocrx_word' id='word_1_3' title='bbox 662 536 904 611; x_wconf 76' lang='lat' dir='ltr'>CURTJI</span> 
     </span>
    </p>
   </div>
   <div class='ocr_carea' id='block_1_2' title="bbox 396 636 1080 1046">
    <p class='ocr_par' dir='ltr' id='par_1_2' title="bbox 396 636 1080 1046">
     <span class='ocr_line' id='line_1_2' title="bbox 397 636 1080 721; baseline 0.007 -22"><span class='ocrx_word' id='word_1_4' title='bbox 397 658 521 721; x_wconf 80' lang='lat' dir='ltr'>quoque,</span> <span class='ocrx_word' id='word_1_5' title='bbox 543 655 604 697; x_wconf 86' lang='lat' dir='ltr'>cum</span> <span class='ocrx_word' id='word_1_6' title='bbox 622 636 773 699; x_wconf 85' lang='lat' dir='ltr'>occidisset</span> <span class='ocrx_word' id='word_1_7' title='bbox 789 638 926 717; x_wconf 86' lang='lat' dir='ltr'>Bugouu,</span> <span class='ocrx_word' id='word_1_8' title='bbox 947 638 1000 701; x_wconf 81' lang='lat' dir='ltr'>lucc</span> <span class='ocrx_word' id='word_1_9' title='bbox 1017 649 1080 705; x_wconf 45' lang='grc' dir='ltr'>ιμ’</span> 
     </span>
     <span class='ocr_line' id='line_1_3' title="bbox 397 715 1072 799; baseline -0.003 -20"><span class='ocrx_word' id='word_1_10' title='bbox 397 717 541 781; x_wconf 85' lang='lat' dir='ltr'>cusatiuue</span> <span class='ocrx_word' id='word_1_11' title='bbox 566 715 742 793; x_wconf 80' lang='lat' dir='ltr'><em>satisfecisse</em></span> <span class='ocrx_word' id='word_1_12' title='bbox 766 717 968 799; x_wconf 80' lang='lat' dir='ltr'>popularibus,</span> <span class='ocrx_word' id='word_1_13' title='bbox 992 725 1072 799; x_wconf 82' lang='lat' dir='ltr'>quod</span> 
     </span>
     <span class='ocr_line' id='line_1_4' title="bbox 397 796 1072 863; baseline 0.004 -3"><span class='ocrx_word' id='word_1_14' title='bbox 397 798 578 860; x_wconf 81' lang='lat' dir='ltr'>insidiantem</span> <span class='ocrx_word' id='word_1_15' title='bbox 601 797 654 857; x_wconf 84' lang='lat' dir='ltr'>sibi</span> <span class='ocrx_word' id='word_1_16' title='bbox 675 797 873 860; x_wconf 83' lang='lat' dir='ltr'>interemisset.</span> <span class='ocrx_word' id='word_1_17' title='bbox 897 796 984 859; x_wconf 87' lang='lat' dir='ltr'>Niltil</span> <span class='ocrx_word' id='word_1_18' title='bbox 1007 822 1072 863; x_wconf 88' lang='lat' dir='ltr'>esse</span> 
     </span>
     <span class='ocr_line' id='line_1_5' title="bbox 396 874 1070 955; baseline 0.003 -17"><span class='ocrx_word' id='word_1_19' title='bbox 396 876 512 939; x_wconf 84' lang='lat' dir='ltr'>miseris</span> <span class='ocrx_word' id='word_1_20' title='bbox 535 874 694 935; x_wconf 79' lang='lat' dir='ltr'>mortalibus</span> <span class='ocrx_word' id='word_1_21' title='bbox 716 875 816 955; x_wconf 84' lang='lat' dir='ltr'>spiritu</span> <span class='ocrx_word' id='word_1_22' title='bbox 836 874 927 937; x_wconf 85' lang='lat' dir='ltr'>curius</span> <span class='ocrx_word' id='word_1_23' title='bbox 948 899 1070 941; x_wconf 77' lang='lat' dir='ltr'>:amore</span> 
     </span>
     <span class='ocr_line' id='line_1_6' title="bbox 397 953 1070 1046; baseline 0.003 -28"><span class='ocrx_word' id='word_1_24' title='bbox 397 958 458 1038; x_wconf 78' lang='lat' dir='ltr'>ejus</span> <span class='ocrx_word' id='word_1_25' title='bbox 467 955 502 1016; x_wconf 84' lang='lat' dir='ltr'>ad</span> <span class='ocrx_word' id='word_1_26' title='bbox 513 953 610 1014; x_wconf 85' lang='lat' dir='ltr'>ultima</span> <span class='ocrx_word' id='word_1_27' title='bbox 620 975 682 1014; x_wconf 89' lang='lat' dir='ltr'>esse</span> <span class='ocrx_word' id='word_1_28' title='bbox 690 954 846 1045; x_wconf 81' lang='lat' dir='ltr'>propulsum</span> <span class='ocrx_word' id='word_1_29' title='bbox 853 954 923 1027; x_wconf 86' lang='lat' dir='ltr'>;sed</span> <span class='ocrx_word' id='word_1_30' title='bbox 933 976 965 1017; x_wconf 88' lang='lat' dir='ltr'>ea</span> <span class='ocrx_word' id='word_1_31' title='bbox 977 959 1070 1046; x_wconf 73' lang='lat' dir='ltr'>magis</span> 
     </span>
    </p>
   </div>
   <div class='ocr_carea' id='block_1_3' title="bbox 328 1052 1070 3016">
    <p class='ocr_par' dir='ltr' id='par_1_3' title="bbox 328 1052 1070 3016">
     <span class='ocr_line' id='line_1_7' title="bbox 398 1052 1070 1113; baseline 0 -16"><span class='ocrx_word' id='word_1_32' title='bbox 398 1056 461 1097; x_wconf 88' lang='lat' dir='ltr'>esse</span> <span class='ocrx_word' id='word_1_33' title='bbox 480 1052 625 1103; x_wconf 86' lang='lat' dir='ltr'>secutum,</span> <span class='ocrx_word' id='word_1_34' title='bbox 648 1054 708 1113; x_wconf 81' lang='lat' dir='ltr'>pute</span> <span class='ocrx_word' id='word_1_35' title='bbox 729 1053 868 1113; x_wconf 81' lang='lat' dir='ltr'>coegisset</span> <span class='ocrx_word' id='word_1_36' title='bbox 884 1055 1041 1097; x_wconf 71' lang='lat' dir='ltr'>necessitas</span> <span class='ocrx_word' id='word_1_37' title='bbox 1057 1081 1070 1108; x_wconf 86' lang='lat'>,</span> 
     </span>
     <span class='ocr_line' id='line_1_8' title="bbox 395 1110 1070 1197; baseline 0.003 -22"><span class='ocrx_word' id='word_1_38' title='bbox 395 1136 476 1197; x_wconf 75' lang='lat' dir='ltr'>quum</span> <span class='ocrx_word' id='word_1_39' title='bbox 490 1133 549 1194; x_wconf 81' lang='lat' dir='ltr'>quoe</span> <span class='ocrx_word' id='word_1_40' title='bbox 562 1129 694 1193; x_wconf 82' lang='lat' dir='ltr'>optasset.</span> <span class='ocrx_word' id='word_1_41' title='bbox 709 1110 743 1172; x_wconf 86' lang='lat' dir='ltr'>ln</span> <span class='ocrx_word' id='word_1_42' title='bbox 759 1114 892 1173; x_wconf 78' lang='lat' dir='ltr'>communi</span> <span class='ocrx_word' id='word_1_43' title='bbox 908 1114 1070 1178; x_wconf 80' lang='lat' dir='ltr'>calamitate</span> 
     </span>
     <span class='ocr_line' id='line_1_9' title="bbox 396 1190 1070 1272; baseline -0.001 -16"><span class='ocrx_word' id='word_1_44' title='bbox 396 1215 476 1256; x_wconf 85' lang='lat' dir='ltr'>suum</span> <span class='ocrx_word' id='word_1_45' title='bbox 492 1212 620 1272; x_wconf 75' lang='lat' dir='ltr'><em>quemque</em></span> <span class='ocrx_word' id='word_1_46' title='bbox 635 1190 738 1253; x_wconf 80' lang='lat' dir='ltr'>iubere</span> <span class='ocrx_word' id='word_1_47' title='bbox 746 1190 900 1268; x_wconf 78' lang='lat' dir='ltr'>fortunam.</span> <span class='ocrx_word' id='word_1_48' title='bbox 919 1191 953 1254; x_wconf 88' lang='lat' dir='ltr'>Si</span> <span class='ocrx_word' id='word_1_49' title='bbox 970 1194 1070 1256; x_wconf 87' lang='lat' dir='ltr'>uenire</span> 
     </span>
     <span class='ocr_line' id='line_1_10' title="bbox 396 1270 1069 1353; baseline 0.001 -19"><span class='ocrx_word' id='word_1_50' title='bbox 396 1294 428 1338; x_wconf 82' lang='lat' dir='ltr'>se</span> <span class='ocrx_word' id='word_1_51' title='bbox 442 1271 568 1353; x_wconf 74' lang='lat' dir='ltr'>juberet,</span> <span class='ocrx_word' id='word_1_52' title='bbox 586 1270 649 1331; x_wconf 88' lang='lat' dir='ltr'>sine</span> <span class='ocrx_word' id='word_1_53' title='bbox 662 1290 738 1330; x_wconf 84' lang='lat' dir='ltr'>metu</span> <span class='ocrx_word' id='word_1_54' title='bbox 754 1292 816 1332; x_wconf 88' lang='lat' dir='ltr'>esse</span> <span class='ocrx_word' id='word_1_55' title='bbox 832 1290 985 1334; x_wconf 85' lang='lat' dir='ltr'>uenturum.</span> <span class='ocrx_word' id='word_1_56' title='bbox 998 1273 1069 1335; x_wconf 85' lang='lat' dir='ltr'>Non</span> 
     </span>
     <span class='ocr_line' id='line_1_11' title="bbox 394 1347 1068 1424; baseline 0.004 -12"><span class='ocrx_word' id='word_1_57' title='bbox 394 1353 492 1413; x_wconf 86' lang='lat' dir='ltr'>timere</span> <span class='ocrx_word' id='word_1_58' title='bbox 500 1392 511 1420; x_wconf 90' lang='lat'>,</span> <span class='ocrx_word' id='word_1_59' title='bbox 525 1370 560 1410; x_wconf 87' lang='lat' dir='ltr'>ue</span> <span class='ocrx_word' id='word_1_60' title='bbox 569 1347 652 1424; x_wconf 76' lang='lat' dir='ltr'>fidem</span> <span class='ocrx_word' id='word_1_61' title='bbox 663 1348 755 1411; x_wconf 84' lang='lat' dir='ltr'>datum</span> <span class='ocrx_word' id='word_1_62' title='bbox 767 1368 921 1411; x_wconf 82' lang='lat' dir='ltr'>tuutusrex</span> <span class='ocrx_word' id='word_1_63' title='bbox 930 1349 1068 1415; x_wconf 80' lang='lat' dir='ltr'>uiolaret.-</span> 
     </span>
     <span class='ocr_line' id='line_1_12' title="bbox 394 1426 1067 1504; baseline 0 -14"><span class='ocrx_word' id='word_1_64' title='bbox 394 1433 474 1498; x_wconf 88' lang='lat' dir='ltr'>Deos</span> <span class='ocrx_word' id='word_1_65' title='bbox 491 1451 509 1490; x_wconf 90' lang='lat' dir='ltr'>u</span> <span class='ocrx_word' id='word_1_66' title='bbox 524 1431 585 1489; x_wconf 90' lang='lat' dir='ltr'>Deo</span> <span class='ocrx_word' id='word_1_67' title='bbox 596 1426 666 1504; x_wconf 80' lang='lat' dir='ltr'>fulli</span> <span class='ocrx_word' id='word_1_68' title='bbox 683 1450 738 1489; x_wconf 85' lang='lat' dir='ltr'>uon</span> <span class='ocrx_word' id='word_1_69' title='bbox 754 1427 854 1493; x_wconf 84' lang='lat' dir='ltr'>solere.</span> <span class='ocrx_word' id='word_1_70' title='bbox 869 1428 998 1491; x_wconf 86' lang='lat' dir='ltr'>Ceterum</span> <span class='ocrx_word' id='word_1_71' title='bbox 1015 1430 1067 1501; x_wconf 90' lang='lat' dir='ltr'>si,</span> 
     </span>
     <span class='ocr_line' id='line_1_13' title="bbox 394 1506 1068 1647; baseline -0.001 -76"><span class='ocrx_word' id='word_1_72' title='bbox 394 1507 535 1647; x_wconf 66' lang='lat' dir='ltr'>cuipidem</span> <span class='ocrx_word' id='word_1_73' title='bbox 544 1506 642 1576; x_wconf 83' lang='lat' dir='ltr'>duret,</span> <span class='ocrx_word' id='word_1_74' title='bbox 656 1506 796 1568; x_wconf 82' lang='lat' dir='ltr'>uideretur</span> <span class='ocrx_word' id='word_1_75' title='bbox 806 1509 961 1589; x_wconf 81' lang='lat' dir='ltr'>indiguus,</span> <span class='ocrx_word' id='word_1_76' title='bbox 981 1509 1068 1571; x_wconf 85' lang='lat' dir='ltr'>multa</span> 
     </span>
     <span class='ocr_line' id='line_1_14' title="bbox 396 1583 1066 1675; baseline -0.007 -22"><span class='ocrx_word' id='word_1_77' title='bbox 396 1590 444 1653; x_wconf 82' lang='lat' dir='ltr'>exi</span> <span class='ocrx_word' id='word_1_78' title='bbox 457 1589 485 1648; x_wconf 89' lang='lat' dir='ltr'>iu</span> <span class='ocrx_word' id='word_1_79' title='bbox 494 1606 588 1669; x_wconf 85' lang='lat' dir='ltr'>patere</span> <span class='ocrx_word' id='word_1_80' title='bbox 591 1583 718 1675; x_wconf 81' lang='lat' dir='ltr'>fugienti</span> <span class='ocrx_word' id='word_1_81' title='bbox 737 1613 747 1648; x_wconf 92' lang='grc'>.·</span> <span class='ocrx_word' id='word_1_82' title='bbox 764 1588 883 1667; x_wconf 83' lang='lat' dir='ltr'>patriam</span> <span class='ocrx_word' id='word_1_83' title='bbox 895 1608 980 1658; x_wconf 87' lang='lat' dir='ltr'>esse,</span> <span class='ocrx_word' id='word_1_84' title='bbox 1001 1588 1066 1649; x_wconf 81' lang='lat' dir='ltr'>ubi-</span> 
     </span>
     <span class='ocr_line' id='line_1_15' title="bbox 394 1664 1066 1747; baseline -0.001 -17"><span class='ocrx_word' id='word_1_85' title='bbox 394 1688 508 1747; x_wconf 81' lang='lat' dir='ltr'>cumque</span> <span class='ocrx_word' id='word_1_86' title='bbox 516 1664 652 1741; x_wconf 80' lang='lat' dir='ltr'>uitforus</span> <span class='ocrx_word' id='word_1_87' title='bbox 664 1665 758 1726; x_wconf 83' lang='lat' dir='ltr'>sedem</span> <span class='ocrx_word' id='word_1_88' title='bbox 768 1665 894 1747; x_wconf 82' lang='lat' dir='ltr'>elegerit.</span> <span class='ocrx_word' id='word_1_89' title='bbox 907 1668 973 1729; x_wconf 88' lang='lat' dir='ltr'>Nec</span> <span class='ocrx_word' id='word_1_90' title='bbox 982 1669 1066 1730; x_wconf 90' lang='lat' dir='ltr'>dubi-</span> 
     </span>
     <span class='ocr_line' id='line_1_16' title="bbox 394 1746 1066 1823; baseline 0.001 -15"><span class='ocrx_word' id='word_1_91' title='bbox 394 1750 466 1810; x_wconf 85' lang='lat' dir='ltr'>tavit</span> <span class='ocrx_word' id='word_1_92' title='bbox 481 1746 645 1806; x_wconf 79' lang='lat' dir='ltr'>Alexander</span> <span class='ocrx_word' id='word_1_93' title='bbox 662 1746 773 1814; x_wconf 86' lang='lat' dir='ltr'>fidem,</span> <span class='ocrx_word' id='word_1_94' title='bbox 794 1768 852 1823; x_wconf 91' lang='lat' dir='ltr'>quo</span> <span class='ocrx_word' id='word_1_95' title='bbox 869 1746 958 1807; x_wconf 75' lang='lat' dir='ltr'>Perse</span> <span class='ocrx_word' id='word_1_96' title='bbox 975 1749 1066 1809; x_wconf 92' lang='lat' dir='ltr'>modo</span> 
     </span>
     <span class='ocr_line' id='line_1_17' title="bbox 384 1823 1066 1903; baseline -0.004 -14"><span class='ocrx_word' id='word_1_97' title='bbox 384 1827 568 1903; x_wconf 70' lang='lat' dir='ltr'>accipiebant</span> <span class='ocrx_word' id='word_1_98' title='bbox 576 1864 586 1894; x_wconf 96' lang='lat'>,</span> <span class='ocrx_word' id='word_1_99' title='bbox 595 1825 679 1894; x_wconf 87' lang='lat' dir='ltr'>dare,</span> <span class='ocrx_word' id='word_1_100' title='bbox 691 1823 871 1895; x_wconf 82' lang='lat' dir='ltr'>inuiolatum,</span> <span class='ocrx_word' id='word_1_101' title='bbox 882 1826 908 1886; x_wconf 91' lang='lat' dir='ltr'>si</span> <span class='ocrx_word' id='word_1_102' title='bbox 918 1827 1066 1897; x_wconf 86' lang='lat' dir='ltr'>uenisset,</span> 
     </span>
     <span class='ocr_line' id='line_1_18' title="bbox 386 1903 1063 1986; baseline 0.001 -21"><span class='ocrx_word' id='word_1_103' title='bbox 386 1904 464 1983; x_wconf 75' lang='lat' dir='ltr'>fure.</span> <span class='ocrx_word' id='word_1_104' title='bbox 487 1903 637 1980; x_wconf 88' lang='lat' dir='ltr'>Quadrato</span> <span class='ocrx_word' id='word_1_105' title='bbox 654 1924 751 1965; x_wconf 88' lang='lat' dir='ltr'>tamen</span> <span class='ocrx_word' id='word_1_106' title='bbox 768 1906 905 1986; x_wconf 82' lang='lat' dir='ltr'>agmine,</span> <span class='ocrx_word' id='word_1_107' title='bbox 928 1920 957 1967; x_wconf 88' lang='lat' dir='ltr'>et</span> <span class='ocrx_word' id='word_1_108' title='bbox 975 1928 1063 1967; x_wconf 91' lang='lat' dir='ltr'>com-</span> 
     </span>
     <span class='ocr_line' id='line_1_19' title="bbox 392 1984 1067 2065; baseline 0.009 -21"><span class='ocrx_word' id='word_1_109' title='bbox 392 1986 489 2065; x_wconf 89' lang='lat' dir='ltr'>posito</span> <span class='ocrx_word' id='word_1_110' title='bbox 505 1986 585 2055; x_wconf 84' lang='lat' dir='ltr'>ibat3</span> <span class='ocrx_word' id='word_1_111' title='bbox 605 1984 796 2060; x_wconf 85' lang='lat' dir='ltr'>speculatores</span> <span class='ocrx_word' id='word_1_112' title='bbox 811 1986 926 2046; x_wconf 85' lang='lat' dir='ltr'>subinde</span> <span class='ocrx_word' id='word_1_113' title='bbox 938 1987 1067 2062; x_wconf 54' lang='lat' dir='ltr'>praemitm:</span> 
     </span>
     <span class='ocr_line' id='line_1_20' title="bbox 393 2062 1066 2140; baseline 0.004 -15"><span class='ocrx_word' id='word_1_114' title='bbox 393 2082 476 2132; x_wconf 89' lang='lat' dir='ltr'>tens,</span> <span class='ocrx_word' id='word_1_115' title='bbox 491 2063 538 2139; x_wconf 91' lang='lat' dir='ltr'>qui</span> <span class='ocrx_word' id='word_1_116' title='bbox 550 2064 731 2140; x_wconf 84' lang='lat' dir='ltr'>explorarent</span> <span class='ocrx_word' id='word_1_117' title='bbox 740 2065 816 2125; x_wconf 91' lang='lat' dir='ltr'>loca.</span> <span class='ocrx_word' id='word_1_118' title='bbox 829 2062 913 2127; x_wconf 89' lang='lat' dir='ltr'>Levis</span> <span class='ocrx_word' id='word_1_119' title='bbox 921 2082 1066 2128; x_wconf 85' lang='lat' dir='ltr'>armatura</span> 
     </span>
     <span class='ocr_line' id='line_1_21' title="bbox 393 2142 1066 2224; baseline -0.001 -18"><span class='ocrx_word' id='word_1_120' title='bbox 393 2144 514 2206; x_wconf 83' lang='lat' dir='ltr'>ducebat</span> <span class='ocrx_word' id='word_1_121' title='bbox 526 2163 652 2224; x_wconf 80' lang='lat' dir='ltr'>agmen3</span> <span class='ocrx_word' id='word_1_122' title='bbox 668 2142 791 2221; x_wconf 86' lang='lat' dir='ltr'>phalanx</span> <span class='ocrx_word' id='word_1_123' title='bbox 801 2164 866 2204; x_wconf 90' lang='lat' dir='ltr'>eam</span> <span class='ocrx_word' id='word_1_124' title='bbox 876 2147 1066 2222; x_wconf 66' lang='lat' dir='ltr'>sequebatur,</span> 
     </span>
     <span class='ocr_line' id='line_1_22' title="bbox 392 2222 1064 2318; baseline 0.001 -35"><span class='ocrx_word' id='word_1_125' title='bbox 392 2241 459 2303; x_wconf 90' lang='lat' dir='ltr'>post</span> <span class='ocrx_word' id='word_1_126' title='bbox 474 2223 581 2299; x_wconf 88' lang='lat' dir='ltr'>pedites</span> <span class='ocrx_word' id='word_1_127' title='bbox 602 2241 684 2283; x_wconf 88' lang='lat' dir='ltr'>etant</span> <span class='ocrx_word' id='word_1_128' title='bbox 703 2223 916 2300; x_wconf 83' lang='lat' dir='ltr'>impedimenta.</span> <span class='ocrx_word' id='word_1_129' title='bbox 938 2222 975 2283; x_wconf 88' lang='lat' dir='ltr'>Et</span> <span class='ocrx_word' id='word_1_130' title='bbox 992 2245 1064 2318; x_wconf 81' lang='lat' dir='ltr'>gens</span> 
     </span>
     <span class='ocr_line' id='line_1_23' title="bbox 393 2301 1067 2373; baseline 0 -9"><span class='ocrx_word' id='word_1_131' title='bbox 393 2303 553 2369; x_wconf 88' lang='lat' dir='ltr'>bellicosa,</span> <span class='ocrx_word' id='word_1_132' title='bbox 571 2319 600 2361; x_wconf 92' lang='lat' dir='ltr'>et</span> <span class='ocrx_word' id='word_1_133' title='bbox 617 2321 716 2362; x_wconf 86' lang='lat' dir='ltr'>natura</span> <span class='ocrx_word' id='word_1_134' title='bbox 735 2302 802 2362; x_wconf 87' lang='lat' dir='ltr'>situs</span> <span class='ocrx_word' id='word_1_135' title='bbox 818 2301 938 2363; x_wconf 87' lang='lat' dir='ltr'>difficilis</span> <span class='ocrx_word' id='word_1_136' title='bbox 958 2305 1035 2364; x_wconf 81' lang='lat' dir='ltr'>aditu</span> <span class='ocrx_word' id='word_1_137' title='bbox 1051 2343 1067 2373; x_wconf 85' lang='lat'>‚</span> 
     </span>
     <span class='ocr_line' id='line_1_24' title="bbox 391 2379 1067 2461; baseline -0.001 -15"><span class='ocrx_word' id='word_1_138' title='bbox 391 2402 492 2446; x_wconf 91' lang='lat' dir='ltr'>curam</span> <span class='ocrx_word' id='word_1_139' title='bbox 508 2379 581 2460; x_wconf 83' lang='lat' dir='ltr'>regis</span> <span class='ocrx_word' id='word_1_140' title='bbox 594 2381 763 2442; x_wconf 86' lang='lat' dir='ltr'>intenderat.</span> <span class='ocrx_word' id='word_1_141' title='bbox 782 2382 914 2459; x_wconf 91' lang='lat' dir='ltr'>Namque</span> <span class='ocrx_word' id='word_1_142' title='bbox 928 2402 1067 2461; x_wconf 80' lang='lat' dir='ltr'>perpetua</span> 
     </span>
     <span class='ocr_line' id='line_1_25' title="bbox 328 2461 1061 2541; baseline 0.004 -21"><span class='ocrx_word' id='word_1_143' title='bbox 328 2512 331 2520; x_wconf 93' lang='lat'>.</span> <span class='ocrx_word' id='word_1_144' title='bbox 392 2463 475 2530; x_wconf 79' lang='lat' dir='ltr'>uallis</span> <span class='ocrx_word' id='word_1_145' title='bbox 495 2461 591 2536; x_wconf 77' lang='lat' dir='ltr'>iacet,</span> <span class='ocrx_word' id='word_1_146' title='bbox 616 2480 704 2538; x_wconf 89' lang='lat' dir='ltr'>usque</span> <span class='ocrx_word' id='word_1_147' title='bbox 715 2461 839 2522; x_wconf 80' lang='lat' dir='ltr'>stimate</span> <span class='ocrx_word' id='word_1_148' title='bbox 856 2462 992 2539; x_wconf 86' lang='lat' dir='ltr'>Caspium</span> <span class='ocrx_word' id='word_1_149' title='bbox 1008 2484 1061 2541; x_wconf 90' lang='lat' dir='ltr'>pa·</span> 
     </span>
     <span class='ocr_line' id='line_1_26' title="bbox 391 2539 1063 2618; baseline 0.003 -17"><span class='ocrx_word' id='word_1_150' title='bbox 391 2558 464 2611; x_wconf 77' lang='lat' dir='ltr'>tens.</span> <span class='ocrx_word' id='word_1_151' title='bbox 478 2539 548 2598; x_wconf 92' lang='lat' dir='ltr'>Duo</span> <span class='ocrx_word' id='word_1_152' title='bbox 564 2556 643 2599; x_wconf 83' lang='lat' dir='ltr'>terras</span> <span class='ocrx_word' id='word_1_153' title='bbox 657 2541 718 2618; x_wconf 86' lang='lat' dir='ltr'>ejus</span> <span class='ocrx_word' id='word_1_154' title='bbox 734 2542 812 2601; x_wconf 87' lang='lat' dir='ltr'>velut</span> <span class='ocrx_word' id='word_1_155' title='bbox 826 2541 939 2600; x_wconf 85' lang='lat' dir='ltr'>brachia</span> <span class='ocrx_word' id='word_1_156' title='bbox 958 2561 1063 2603; x_wconf 84' lang='lat' dir='ltr'>excut-</span> 
     </span>
     <span class='ocr_line' id='line_1_27' title="bbox 391 2618 1064 2691; baseline -0.001 -9"><span class='ocrx_word' id='word_1_157' title='bbox 391 2639 458 2682; x_wconf 81' lang='lat' dir='ltr'>runt</span> <span class='ocrx_word' id='word_1_158' title='bbox 469 2644 477 2682; x_wconf 79' lang='lat' dir='ltr'>t</span> <span class='ocrx_word' id='word_1_159' title='bbox 490 2618 583 2678; x_wconf 88' lang='lat' dir='ltr'>media</span> <span class='ocrx_word' id='word_1_160' title='bbox 594 2618 671 2679; x_wconf 82' lang='lat' dir='ltr'>flexu</span> <span class='ocrx_word' id='word_1_161' title='bbox 686 2619 802 2680; x_wconf 80' lang='lat' dir='ltr'>modice</span> <span class='ocrx_word' id='word_1_162' title='bbox 818 2619 909 2680; x_wconf 85' lang='lat' dir='ltr'>sinum</span> <span class='ocrx_word' id='word_1_163' title='bbox 926 2621 1035 2681; x_wconf 80' lang='lat' dir='ltr'>faciunt</span> <span class='ocrx_word' id='word_1_164' title='bbox 1046 2660 1064 2691; x_wconf 82' lang='lat'>,</span> 
     </span>
     <span class='ocr_line' id='line_1_28' title="bbox 392 2698 1063 2768; baseline 0.003 -10"><span class='ocrx_word' id='word_1_165' title='bbox 392 2701 466 2762; x_wconf 84' lang='lat' dir='ltr'>lunae</span> <span class='ocrx_word' id='word_1_166' title='bbox 479 2698 604 2758; x_wconf 83' lang='lat' dir='ltr'>maxime</span> <span class='ocrx_word' id='word_1_167' title='bbox 619 2699 764 2768; x_wconf 87' lang='lat' dir='ltr'>similem,</span> <span class='ocrx_word' id='word_1_168' title='bbox 781 2699 1063 2765; x_wconf 80' lang='lat' dir='ltr'>cum-eminentcor·</span> 
     </span>
     <span class='ocr_line' id='line_1_29' title="bbox 389 2777 1063 2856; baseline 0.003 -15"><span class='ocrx_word' id='word_1_169' title='bbox 389 2777 588 2848; x_wconf 87' lang='lat' dir='ltr'>nua,nondum</span> <span class='ocrx_word' id='word_1_170' title='bbox 595 2796 693 2842; x_wconf 77' lang='lat' dir='ltr'>‚totum</span> <span class='ocrx_word' id='word_1_171' title='bbox 702 2781 802 2839; x_wconf 89' lang='lat' dir='ltr'>orbem</span> <span class='ocrx_word' id='word_1_172' title='bbox 813 2779 900 2838; x_wconf 90' lang='lat' dir='ltr'>sidere</span> <span class='ocrx_word' id='word_1_173' title='bbox 910 2780 1063 2856; x_wconf 79' lang='lat' dir='ltr'>implente.</span> 
     </span>
     <span class='ocr_line' id='line_1_30' title="bbox 391 2856 1063 2935; baseline -0.003 -14"><span class='ocrx_word' id='word_1_174' title='bbox 391 2860 534 2924; x_wconf 78' lang='lat' dir='ltr'>Cercetae,</span> <span class='ocrx_word' id='word_1_175' title='bbox 545 2857 673 2933; x_wconf 86' lang='lat' dir='ltr'>Mosyni,</span> <span class='ocrx_word' id='word_1_176' title='bbox 686 2875 714 2916; x_wconf 93' lang='lat' dir='ltr'>et</span> <span class='ocrx_word' id='word_1_177' title='bbox 723 2856 887 2935; x_wconf 84' lang='lat' dir='ltr'>Chalybesa</span> <span class='ocrx_word' id='word_1_178' title='bbox 897 2858 967 2919; x_wconf 83' lang='lat' dir='ltr'>laeva</span> <span class='ocrx_word' id='word_1_179' title='bbox 977 2878 1063 2920; x_wconf 83' lang='lat' dir='ltr'>sunt:</span> 
     </span>
     <span class='ocr_line' id='line_1_31' title="bbox 390 2933 1062 3016; baseline -0.001 -15"><span class='ocrx_word' id='word_1_180' title='bbox 390 2940 427 3001; x_wconf 79' lang='lat' dir='ltr'>ab</span> <span class='ocrx_word' id='word_1_181' title='bbox 438 2939 526 3001; x_wconf 76' lang='lat' dir='ltr'>alceta</span> <span class='ocrx_word' id='word_1_182' title='bbox 539 2954 620 3015; x_wconf 83' lang='lat' dir='ltr'>parte</span> <span class='ocrx_word' id='word_1_183' title='bbox 633 2933 809 3016; x_wconf 83' lang='lat' dir='ltr'>Leucosyri,</span> <span class='ocrx_word' id='word_1_184' title='bbox 829 2955 858 3000; x_wconf 86' lang='lat' dir='ltr'>et</span> <span class='ocrx_word' id='word_1_185' title='bbox 872 2937 1062 3000; x_wconf 85' lang='lat' dir='ltr'>Amazonum</span> 
     </span>
    </p>
   </div>
   <div class='ocr_carea' id='block_1_4' title="bbox 945 3037 1064 3116">
    <p class='ocr_par' dir='ltr' id='par_1_4' title="bbox 945 3037 1064 3116">
     <span class='ocr_line' id='line_1_32' title="bbox 945 3037 1064 3116; baseline -0.008 -18"><span class='ocrx_word' id='word_1_186' title='bbox 945 3037 1041 3116; x_wconf 86' lang='lat' dir='ltr'>campi</span> <span class='ocrx_word' id='word_1_187' title='bbox 1051 3058 1064 3111; x_wconf 88' lang='lat'>;</span> 
     </span>
    </p>
   </div>
   <div class='ocr_carea' id='block_1_5' title="bbox 0 0 1318 4017">
    <p class='ocr_par' dir='ltr' id='par_1_5' title="bbox 0 0 1318 4017">
     <span class='ocr_line' id='line_1_33' title="bbox 0 0 1318 4017; baseline 0 3"><span class='ocrx_word' id='word_1_188' title='bbox 0 0 1318 4017; x_wconf 95' lang='lat' dir='ltr'> </span> 
     </span>
    </p>
   </div>
  </div>
 </body>
</html>
