2625 4017
363 371 412 432 ru
446 375 481 442 Q.
516 377 705 431 cnnrruu
738 375 770 431 c.
801 375 843 435 rr.
912 391 946 444 ss

247 461 356 521 itinere
365 471 484 517 Memnon
493 464 647 517 submiserat.
658 473 695 517 lta
711 483 814 518 conatus
827 470 946 520 Macedo·

250 552 320 586 num
339 534 426 584 irritus
441 533 500 583 fuit.
516 535 656 583 Alexander
673 537 703 584 ad
719 534 874 587 obsidionem
890 539 946 588 lle·

250 601 394 652 licarnsssi
411 617 539 656 reversus,
558 615 612 649 ante
628 600 710 652 omnin
725 605 814 653 fossam
832 603 942 668 triginta

250 669 370 719 maxime
385 667 482 717 cubitos
491 669 583 726 latam,
604 668 677 717 altam
693 668 849 733 quindecim,
867 687 939 735 quant

249 736 349 787 hostes
360 752 406 800 pro
423 734 478 783 urbe
495 735 628 792 duxerunt,
648 738 804 798 expleturus,
822 750 872 786 tres
888 753 940 788 cee-

249 804 363 853 tudines
381 816 498 864 apparat,
520 802 606 865 quibus
621 818 750 865 protectus
768 804 839 853 miles
857 819 938 854 mete·

250 870 321 920 riam
343 884 479 932 terramque
499 867 551 916 sine
573 884 635 917 noxa
656 884 811 933 congereret.
829 870 937 935 Equam

250 940 346 994 fossa,
364 953 444 987 turres
460 937 637 1000 machinasque,
655 936 739 1001 quibus
748 938 811 986 muri
824 953 937 989 sternun-

250 1020 300 1055 tur
312 1042 322 1062 ,
343 1002 466 1054 admoveri
483 1001 561 1063 jussit.
579 1003 682 1065 Jamque
699 1017 773 1051 strata
789 1002 936 1056 moeniorum

247 1086 330 1136 parte
342 1105 350 1128 ,
368 1086 414 1134 qua
424 1066 496 1117 ruinae
505 1068 569 1116 viam
580 1068 738 1132 aperiebant,
760 1067 785 1116 in
797 1070 880 1117 urbem
891 1085 939 1132 pe.

247 1152 356 1188 nectare
374 1136 532 1190 nitebantur;
549 1135 591 1183 sed
609 1137 710 1193 hostes,
729 1152 784 1185 curn
800 1137 834 1185 ob
850 1134 935 1186 multi·

247 1204 373 1254 tudinem
386 1200 474 1266 integri
488 1199 590 1251 subinde
603 1201 671 1251 sessis
686 1204 865 1259 succederent,
885 1204 935 1254 du·

246 1286 364 1335 cumque
383 1267 508 1334 presencia
525 1270 554 1317 ad
574 1268 655 1318 omnia
677 1270 786 1319 arsdenda
805 1268 934 1320 confirma-

245 1353 369 1396 rentur,
393 1352 489 1387 strenue
512 1338 688 1401 repugnabant.
710 1339 774 1387 Luce
795 1352 841 1400 per
861 1335 931 1389 varis

244 1402 392 1457 certamina
407 1418 551 1460 consumta,
569 1419 623 1453 curn
635 1404 724 1452 diurno
740 1404 823 1453 labore
837 1404 931 1470 fatiga·

243 1488 293 1524 tos
304 1473 393 1523 hostes
407 1473 523 1520 Memnon
537 1470 636 1535 segnius
651 1470 777 1520 custodias
790 1486 862 1535 agere
878 1485 932 1524 cre·

244 1542 352 1597 deret,
378 1556 432 1588 cum
450 1536 533 1588 valida
557 1553 628 1587 manu
646 1536 788 1601 prorumpit
805 1536 928 1600 oppido,

243 1608 388 1675 ignemque
402 1603 517 1669 operibus
533 1602 623 1661 injicit.
641 1604 688 1653 Sed
705 1604 881 1654 Macedonibus
895 1605 926 1654 ad

243 1674 397 1725 incendium
413 1670 637 1731 concurrentibus,
664 1688 721 1721 curn
738 1669 764 1721 bi
783 1670 927 1736 extinguere

241 1741 364 1792 flammas
373 1754 536 1796 conarentur,
551 1737 589 1787 illi
602 1753 734 1803 augerent,
750 1752 777 1788 et
789 1737 926 1803 prohiben-

243 1809 320 1859 tibus
330 1806 380 1857 vim
388 1805 536 1856 intentarent
548 1840 556 1862 ‚
573 1821 625 1854 aere
635 1805 742 1869 praelium
752 1820 865 1855 coortum
875 1819 925 1859 ese,

243 1874 354 1938 Quippe
364 1874 510 1923 Macedones
519 1873 607 1923 robore
617 1871 718 1922 virtutis
733 1887 759 1922 et
768 1872 923 1923 assuetudine

243 1941 419 2007 periculorum
435 1942 510 2005 longe
519 1951 659 2003 prestantes
675 1938 803 1998 hostibus,
818 1955 922 1990 numero

244 2024 415 2073 apparatuque
434 2009 558 2057 Persarum
575 2007 774 2072 urgebanturset
790 2005 845 2070 quia
857 2006 922 2058 haud

243 2076 340 2141 procul
356 2075 433 2125 muris
448 2090 486 2124 res
495 2075 640 2139 gerebatur,
657 2073 762 2123 ballistis
778 2073 923 2136 catapultis·

244 2159 296 2208 que
306 2158 351 2205 per
360 2141 447 2191 menia
461 2140 587 2204 dispositis
596 2140 689 2190 eminus
698 2139 807 2203 impetiti
819 2175 826 2196 ,
841 2140 922 2190 inulte

242 2211 351 2261 vulnera
366 2208 526 2271 accipiebant.
544 2208 628 2258 Atrox
646 2206 711 2257 inter
727 2208 775 2255 hec
797 2204 921 2269 utrimque

242 2278 359 2333 elamor,
378 2273 530 2326 hortantium
546 2291 621 2332 suos,
635 2271 814 2337 increpantium
831 2273 921 2321 adver-

243 2358 288 2393 sos
297 2358 305 2401 3
314 2357 365 2392 turn
375 2343 511 2393 sauciorum
522 2356 548 2391 et
556 2340 713 2391 morientium
724 2338 845 2403 gemitus,
855 2336 920 2388 inter

242 2419 378 2460 noctutnas
387 2411 498 2461 tenebras
509 2409 591 2459 omnia
606 2423 699 2458 terrore
708 2407 862 2468 tumultuque
873 2404 920 2453 irn-

241 2479 399 2542 pleverant:
415 2477 566 2540 augebntur
581 2477 630 2524 hec
639 2474 744 2523 vocibus
758 2486 841 2521 cetere
855 2471 921 2521 mul·

242 2543 358 2603 tudinis,
375 2561 426 2608 que
440 2546 497 2593 dum
513 2542 555 2591 alii
572 2556 699 2607 pugnant,
714 2537 784 2604 operi
800 2538 916 2600 intenta,

240 2611 337 2670 inuris,
355 2610 394 2676 qui
405 2612 477 2675 pulsu
488 2608 584 2659 machin
599 2626 650 2659 nrm
667 2621 825 2664 corruerant,
843 2622 914 2671 rept-

240 2678 325 2729 randis
341 2679 517 2742 occupabatur.
532 2678 638 2738 Tendens
650 2674 729 2723 acrius
743 2673 819 2723 adnisi
830 2676 916 2722 Mace·

241 2748 321 2795 d'oncs
335 2746 431 2795 hostem
449 2749 513 2793 intra
529 2742 614 2793 moenia
630 2744 794 2806 redegerunt3
813 2754 913 2790 centum

239 2811 402 2878 septuaginta·
412 2810 569 2870 interfectis,
586 2810 651 2860 incer
660 2824 723 2875 quoe
735 2807 914 2871 :susceptores
