2625 4017
389 562 456 652 333
572 560 953 646 Qrcuaurt·

389 664 432 731 ita
444 665 531 739 fixit,
550 684 583 730 ut
597 686 649 747 per
663 666 806 729 cervicem
824 664 973 728 emineret.
990 665 1072 733 I’tae‘¹

389 749 523 825 cipitarus
545 769 582 809 ex
600 768 676 825 equo
698 750 830 807 barbarus
854 744 945 806 adhuc
966 764 1068 807 tamen

390 831 577 907 repugnabat.
595 826 650 888 Sed
664 826 713 886 ille
729 844 885 887 extractam
898 846 934 885 ex
945 825 1068 889 vulnere

390 905 503 967 hastam
525 928 618 968 mrsus
639 904 670 965 in
691 927 723 966 os
742 906 847 987 dirigit.
869 905 1067 966 Satibarzanes

392 984 503 1046 hastam
524 1007 613 1046 manu
635 984 826 1061 complexus,
848 1005 907 1076 quo
927 984 1068 1045 maturius

390 1064 542 1136 interiret,
559 1066 649 1126 ictum
666 1063 755 1124 hostis
770 1062 889 1141 adjuvrt.
901 1063 938 1123 Et
953 1063 1067 1125 barbari

390 1144 464 1206 duce
474 1144 695 1221 amisso,quem
704 1143 795 1223 magis
803 1143 967 1204 necessitate
977 1163 1068 1221 quam

388 1224 593 1302 sponre'secuti
604 1238 686 1284 etant
696 1261 706 1290 ‚
718 1239 786 1282 tunc
796 1219 870 1282 haud
879 1222 1069 1284 immemores

390 1303 560 1365 meritorum
577 1300 754 1371 Alexandri,
775 1320 855 1361 arma
868 1301 916 1361 Eri
955 1302 986 1361 io
1006 1320 1068 1362 tra-

391 1382 473 1443 dunt.
492 1382 555 1441 Rex
568 1380 612 1441 his
626 1379 743 1457 quidem
753 1380 852 1450 laetus,
873 1381 908 1441 de
942 1381 1069 1459 partanir

391 1460 611 1537 haudquaquam
621 1478 754 1528 securus,
771 1479 879 1551 magno
890 1476 987 1521 tamen
998 1460 1067 1521 ani·

391 1560 446 1601 mo
461 1538 651 1600 defectionem
663 1557 765 1598 eorum
777 1540 861 1613 rulit3
878 1539 994 1608 dicens,
1011 1559 1069 1600 nort

389 1636 458 1681 unte
470 1637 553 1678 ausos
565 1614 684 1678 consilia
696 1615 821 1687 nudare,
837 1638 917 1697 quarn
929 1617 1018 1700 ipsum
1028 1616 1069 1679 ad

382 1695 464 1779 fines
484 1695 574 1758 Indioe
591 1693 756 1776 pervenisse
777 1697 1069 1777 cognovissent.1psa

391 1779 511 1839 Bessum
526 1794 696 1854 persequens
708 1775 805 1853 copias
818 1777 929 1838 movit=
942 1778 990 1837 cui
1001 1777 1069 1837 Eri⁴

389 1856 474 1997 gg?
494 1856 586 1934 spolia
608 1854 744 1924 barbari,
768 1874 822 1916 ceu
844 1858 975 1935 opimum
996 1855 1070 1919 belli

464 1956 497 2005 s,
519 1934 667 2013 preferens
682 1935 814 1994 occurrit.

391 2055 394 2062 ,
431 2013 524 2076 Cat.
540 2013 586 2076 .V.
607 2012 697 2094 Igitur
713 2015 929 2075 Bactrianorum
947 2013 1070 2097 regione

388 2088 540 2155 'Artabazo
550 2092 650 2153 tradita
665 2113 675 2166 3
688 2096 809 2153 sarcinas
820 2111 849 2155 et
860 2094 1069 2172 impedimenta

351 2178 352 2181 ’
388 2171 433 2233 ibi
451 2194 518 2234 cum
533 2171 661 2249 prasidio
675 2173 799 2251 reliquit.
819 2174 880 2251 lpse
896 2195 963 2235 cum
980 2195 1070 2253 expe·

390 2252 453 2313 dito
469 2252 584 2334 agmine
596 2252 661 2312 loca
675 2252 781 2314 deserta
793 2250 1003 2335 Sogdianorum
1012 2256 1070 2315 in·

388 2345 469 2399 mat,
494 2348 636 2392 nocturno
654 2331 755 2393 itinere
773 2333 929 2395 exercitum
949 2334 1071 2400 ducens.

387 2410 563 2489 liquatum,
585 2426 618 2471 ut
633 2429 699 2472 ante
715 2413 822 2473 dictum
840 2431 905 2483 est,
922 2413 1068 2492 penuria,

387 2490 468 2570 ptius
476 2490 692 2569 desperatione,
707 2512 793 2570 quam
802 2491 939 2553 desiderio
950 2492 1069 2554 bibendi

392 2570 470 2631 sitim
482 2590 568 2631 accen
592 2571 598 2583 '
612 2572 689 2632 ,Per
701 2594 777 2633 cccc
788 2572 897 2642 stadia,
915 2592 952 2633 ne
965 2572 1067 2632 modi-

389 2668 442 2710 cus
460 2649 577 2727 quidem
614 2672 700 2711 umor
718 2652 824 2713 existit.
844 2652 954 2713 Aretias
973 2670 1069 2730 vapor

389 2726 478 2791 astiti
490 2729 558 2789 solis
568 2730 717 2803 accendit,
738 2754 798 2810 quae
810 2732 858 2793 ubi
872 2730 990 2813 flagrare
1003 2753 1069 2792 coe·

388 2826 493 2886 petunt
504 2848 514 2877 ‚
526 2808 599 2870 haud
610 2831 689 2871 secus
699 2833 785 2889 quam
795 2810 953 2873 continenti
964 2810 1069 2872 incen-

389 2885 440 2947 dio
450 2906 552 2950 cuncta
564 2906 717 2955 torrentur.
730 2890 835 2972 Caligo
846 2892 945 2952 deinde
955 2891 1070 2951 immo*¹

389 2964 457 3074 ἐξω
473 2984 552 3064 terra
567 2961 836 3045 structurarum,
856 2971 952 3035 lucem
970 2971 1068 3056 tegitg
