2625 4017
381 555 439 622 r76
559 544 604 625 Q.
643 546 882 611 CURTII

376 645 493 710 sceleris
507 647 661 726 peeniruit,
679 670 745 709 cunr
763 651 958 718 intuerentur,
978 661 1050 729 qna⁴

379 728 482 788 lenset
498 746 596 809 regem
612 746 641 789 et
654 731 749 789 virum
758 731 904 789 fallerent.
919 730 976 809 lite,
986 731 1049 809 qui·

377 804 444 867 dem
460 826 571 868 securus
584 807 702 885 periculi
722 809 798 882 quod
814 808 953 877 instabat,
973 811 1047 868 Ale·

377 884 477 953 sandei
486 907 604 957 manus,
616 907 684 965 quas
691 886 766 949 solas
775 888 911 957 timebat,
923 886 1047 970 effugere

376 969 557 1043 properabat.

420 1044 511 1104 Cur.
529 1044 593 1106 XI.
610 1044 716 1107 Patron
734 1063 852 1115 autern,
877 1043 1048 1107 Graecorum

376 1122 436 1184 dux
443 1164 456 1193 ,
471 1142 559 1201 prece
580 1124 603 1183 it
613 1125 692 1196 suis,
705 1142 735 1184 ut
747 1145 846 1193 arma,
866 1125 971 1203 quasin
983 1142 1047 1205 Mi·

377 1200 453 1263 cinis
463 1144 732 1279 anreaiiredannrr,
745 1202 911 1276 induerent;
921 1202 958 1262 ad
968 1220 1048 1264 omne

375 1277 520 1362 imperium
535 1295 614 1341 suurn
629 1280 720 1363 parari
732 1300 759 1342 et
776 1280 888 1343 intenti.
899 1276 966 1361 ipse-
979 1298 1048 1343 sur*

376 1377 442 1422 rum
455 1362 529 1441 regis
538 1365 721 1439 sequebatur,
735 1361 878 1423 occasioni
892 1359 1047 1422 imminens

370 1440 538 1517 alloquendi
549 1462 615 1500 eum
628 1464 637 1500 r
653 1439 756 1518 quippe
766 1441 842 1501 Bessi
854 1439 964 1501 facinus
975 1461 1046 1518 prae-

375 1536 508 1581 senserat.
527 1518 582 1610 Sed
597 1520 721 1589 Bessus,
743 1520 771 1579 id
788 1520 880 1598 ipsum
895 1537 1046 1591 metuens,

376 1615 469 1659 custos
486 1619 597 1667 venus,
613 1620 700 1676 quarn
717 1619 834 1668 comes,
850 1619 867 1657 a
884 1619 966 1659 curru
983 1617 1044 1660 non

375 1679 535 1739 recedebat.
556 1679 615 1738 Diu
633 1698 703 1759 ergo
712 1678 817 1737 Patron
829 1694 992 1749 cunctatus,
1008 1695 1044 1741 ae

376 1756 473 1835 sepius
492 1776 623 1816 sermone
638 1775 796 1824 revocato,
815 1756 888 1816 inter
904 1757 989 1818 fidem
1003 1758 1044 1818 ri-

375 1855 546 1913 motenrque
562 1834 714 1904 haesitans,
738 1855 836 1918 regem
856 1836 1042 1908 intuebatur,

376 1913 426 1992 qui
446 1932 479 1975 ut
495 1914 610 1975 tandem
627 1917 747 1976 advertit
766 1916 887 1983 oculos,
910 1915 1044 1989 Bubacen

375 1993 531 2072 spadonem
547 1994 620 2053 inter
632 1996 780 2073 proxnnos
793 2013 907 2054 currum
924 2015 1044 2073 sequen·

374 2089 434 2132 tem
448 2072 606 2152 percontari
622 2074 722 2149 jubet,
743 2072 873 2150 numquid
893 2069 952 2153 ipre
974 2075 1045 2136 veiir

375 2148 477 2211 dicere.
491 2152 618 2219 Patron,
638 2173 670 2213 se
692 2173 778 2222 vero,
801 2150 851 2211 sed
868 2154 979 2213 remotis
994 2176 1043 2215 ar·

375 2228 481 2299 birris,
491 2229 563 2308 loqui
572 2229 643 2294 veile
655 2251 714 2291 cum
728 2252 757 2291 eo
768 2232 921 2308 respondit.
933 2232 1043 2298 Jussus·

374 2328 429 2385 que
439 2309 552 2389 propius
562 2309 709 2380 accedere,
722 2312 782 2371 sine
791 2311 960 2387 interprete,
974 2334 1044 2375 nam

374 2386 447 2450 haud
455 2389 529 2449 rudis
535 2388 642 2451 Grecae
648 2391 751 2470 linguae
759 2390 863 2450 Darius
871 2408 947 2462 erat;
959 2389 1043 2461 Rex,

347 2473 359 2513 ’ἑ
372 2467 486 2548 inquit,
506 2488 543 2530 ex
565 2486 585 2528 1.
606 2467 728 2528 millibus
739 2466 900 2529 Graecorum
914 2490 1043 2549 superru-

373 2567 434 2607 mus
440 2546 544 2628 pauci,
562 2545 778 2623 omnisfortunae
789 2565 843 2607 tute
859 2549 972 2609 comites
982 2571 997 2623 ,·
1013 2568 1041 2611 et

372 2616 404 2686 in
419 2623 470 2685 iroc
480 2643 525 2685 uto
536 2643 612 2685 stetu
625 2625 733 2696 iidem,
749 2625 795 2705 qui
804 2626 928 2707 florente
942 2646 969 2688 te
978 2627 1043 2705 fui-

373 2724 434 2764 mus
445 2730 454 2762 .·
466 2724 645 2782 quascumque
653 2704 735 2765 sedes
746 2704 882 2785 elegeris,
893 2727 939 2786 pro
950 2709 1042 2787 patria

359 2801 400 2843 ,et
418 2781 578 2844 domesticis
596 2782 676 2843 rebus
690 2783 818 2863 petituri.
834 2781 972 2846 Secundo
987 2787 1040 2846 ad-

371 2870 567 2938 rers'aequeret
578 2879 631 2922 tuoe
641 2862 802 2942 copulavere
812 2884 862 2923 nos
873 2881 972 2927 tecum.
985 2864 1043 2926 Per

298 2979 309 3002 .
371 2936 443 3002 darc
456 2938 549 3021 fidem
568 2939 701 3022 inuictam
722 2963 767 3007 cro
790 2962 818 3008 ct
840 2941 959 3008 obtestor
972 2986 989 3017 ,
1008 2944 1044 3006 in
