2625 4017
457 561 648 624 LIBER
698 562 772 629 IV.
898 582 951 645 163

276 666 391 723 bantur.
402 662 502 738 ltaque
511 663 660 753 Manates,
673 688 834 757 quanquam
843 668 953 732 infelici

276 741 379 820 praelio
397 761 514 800 suorum
522 761 634 803 animos
646 763 757 806 temtos
772 767 832 808 esse
842 770 878 809 co
900 770 955 810 no·

272 836 378 903 yetatt
397 836 496 879 tamen
504 820 652 898 palantes,
671 840 699 883 et
713 824 868 901 victoriaefi
887 827 951 888 uela

275 897 407 959 incautos
419 916 563 959 osnentans
577 939 590 970 ,
609 904 730 980 perpulit
745 924 780 963 ne
794 903 952 968 dudnarent

275 998 314 1038 ex
330 976 397 1037 urbe
414 996 577 1055 erumpere,
599 997 628 1039 et
642 1000 687 1040 res
702 983 823 1042 amissas
836 1003 950 1064 reeupe-

276 1056 395 1120 rare.1d
409 1058 562 1117 consilium
576 1079 635 1117 non
647 1060 758 1121 ratione
770 1063 948 1139 prudentius,

277 1157 366 1215 quarn
381 1155 488 1197 eventu
498 1137 606 1196 felicius
617 1139 670 1198 fuit
682 1162 691 1199 ε
703 1140 737 1199 ad
748 1160 839 1200 unum
849 1161 951 1204 omnes

277 1236 346 1275 tum
372 1216 436 1292 ipso
461 1216 532 1275 duee
558 1218 645 1276 occisi
668 1236 742 1280 sunt.
770 1217 830 1279 Has
853 1239 952 1297 poenas

275 1295 421 1371 Amyntas
436 1294 547 1371 utrique
558 1298 617 1375 regi
628 1296 725 1369 dedit3
749 1295 841 1358 nihilo
860 1320 906 1358 ma
930 1300 952 1362 ‘a

277 1374 323 1442 ei,
335 1373 372 1433 ad
383 1393 471 1451 quem
480 1375 680 1455 transfugerat,
690 1376 777 1445 lidus,
789 1398 872 1455 quem
885 1380 895 1437 i
918 1380 950 1447 i,

276 1472 366 1529 quem
377 1453 547 1513 deseruerat.
556 1451 638 1514 Darii
649 1473 800 1533 pretores,
814 1458 862 1535 qui
878 1477 952 1535 pra·

274 1534 320 1592 lio
341 1532 416 1610 apud
438 1533 519 1592 lsson
540 1535 758 1611 superfuerant,
780 1556 848 1597 cum
869 1537 952 1597 omni

276 1631 389 1681 manu,
405 1611 614 1691 quaefugientes
625 1632 719 1674 secuta
731 1632 812 1685 erat,
827 1636 951 1676 assumta

276 1691 367 1752 etiam
373 1688 580 1767 Cappadocum
589 1692 842 1774 etPaphlagonum
852 1694 954 1766 juven·

277 1787 339 1832 tute
352 1807 363 1837 ‚
377 1767 500 1845 Lydiam
510 1790 677 1849 recuperare
693 1777 849 1834 tentabant.
863 1772 953 1834 Anti·

276 1867 372 1931 genus
392 1868 495 1926 praetor
515 1850 670 1911 Alexandri
692 1850 787 1929 Lydiae
806 1869 921 1929 praeerat
938 1873 951 1914 r

277 1930 348 2008 qui,
366 1945 530 2005 quanquam
538 1930 688 2007 plerosque
697 1931 823 1991 militum
832 1952 868 1991 ex
878 1939 952 2011 pte*

277 2010 355 2071 sidiis
370 2006 405 2067 ad
419 2027 517 2088 regern
532 2010 695 2083 dimiseratt
710 2028 807 2070 tamen
826 2011 953 2094 barbaris¹

278 2088 402 2165 spretis,
420 2088 451 2146 in
459 2091 553 2147 aciem
568 2109 633 2147 suos
643 2089 750 2152 eduxit.
766 2089 875 2149 Eadem
890 2091 954 2150 illic

278 2185 397 2245 quoque
407 2166 519 2227 fortuna
530 2167 653 2243 partium
663 2168 715 2228 firit
725 2192 733 2228 ε
745 2170 833 2229 tribus
849 2168 956 2246 preliis

279 2248 338 2308 alia
357 2261 442 2321 atque
455 2244 511 2305 alia
526 2247 643 2327 regione
661 2248 839 2317 commissis,
861 2248 955 2309 Persae

276 2324 445 2387 funduntur.
453 2323 563 2385 Eodem
574 2344 703 2402 tempore
711 2327 806 2385 classis
814 2326 952 2387 Macedo·

278 2426 353 2467 num
363 2423 402 2463 ex
412 2400 524 2464 Graecia
536 2406 646 2473 accita,
660 2405 885 2475 Aristomenen,
901 2404 951 2484 qui

279 2485 316 2543 ad
326 2482 511 2559 Hellesponti
528 2505 610 2544 orant
622 2484 845 2562 recuperandam
862 2484 955 2545 aDa-

279 2564 326 2625 rio
337 2577 399 2621 erat
410 2561 636 2639 missus,'captis
647 2563 707 2639 ejus
724 2580 772 2623 aut
788 2562 885 2624 mersis
896 2582 957 2622 na·-

279 2644 385 2711 tibus,
406 2657 527 2719 superat.
543 2642 571 2701 A
585 2642 703 2701 Milesiis
714 2641 815 2701 deinde
824 2640 954 2711 Pharna·

280 2723 370 2781 bazus
397 2722 542 2797 prefectus
568 2720 685 2781 Persicae
710 2721 804 2780 classis
832 2719 954 2797 pecunia

282 2817 405 2869 exacta,
428 2817 456 2861 et
472 2800 600 2877 presidio
620 2800 650 2858 in
668 2804 770 2860 urbem
786 2797 893 2861 Clu'um
908 2797 957 2858 ln-'

281 2878 431 2948 troducto,
441 2897 557 2940 centum
566 2879 683 2954 navibus
691 2879 838 2949 Andrum,
851 2898 879 2939 et
890 2877 958 2940 inde

284 2956 539 3036 Syplnumpetiit.
552 2958 607 3019 Eas
616 2978 728 3036 quoque
740 2960 844 3019 insulas
859 2955 959 3035 presl-

693 3078 698 3088 “
807 3055 841 3118 Ο
857 3056 878 3137 ij
