2625 4017
449 537 642 604 cluse
692 535 767 606 1x.
883 546 947 620 ’,οῖ

270 638 334 705 caesi
355 654 444 711 sunt,
469 640 550 704 mille
574 642 673 721 capti,
695 642 782 705 ceteri
803 645 947 710 menibus

271 723 347 785 urbis
358 721 469 782 inclusi.
487 720 541 782 Sed
556 743 615 783 non
627 741 659 784 ut
674 724 764 799 prime
776 724 869 801 specie
879 725 947 788 laeta

271 800 417 874 victoria3
437 801 476 861 ita
497 820 599 863 eventu
618 823 732 880 quoque
752 804 946 883 fultaquippe

270 882 382 942 barbari
401 900 515 941 veneno
537 882 679 942 tinxerant
700 883 821 963 gladios.
845 885 949 962 ltaque

271 959 361 1022 saucii
376 960 493 1022 subinde
510 962 699 1038 expirabane3
714 983 768 1023 nec
787 983 869 1023 causa
882 981 948 1026 tant

271 1059 390 1101 strenuae
406 1038 506 1102 mortis
517 1041 674 1122 excogitari
691 1060 802 1118 poterat
816 1064 832 1101 a
850 1041 949 1102 merli-⁶

271 1119 334 1188 cis,
355 1140 422 1180 cum
447 1119 536 1192 etiam
560 1122 637 1181 leves
663 1124 753 1203 plage
775 1121 948 1183 insanabiles

271 1217 374 1261 essent.
395 1198 508 1259 Barbari
527 1219 623 1261 autem
640 1218 821 1278 speraverant
842 1202 947 1261 incau-

271 1295 372 1340 tumet
384 1277 564 1339 temerarium
576 1299 674 1358 regem
689 1281 780 1358 excipi
798 1300 890 1357 posse.
907 1277 947 1342 Et

270 1359 346 1418 forte
361 1357 434 1417 inter
450 1358 656 1435 promtissimos
672 1359 807 1420 dimicans
822 1360 948 1422 intactus

270 1453 410 1499 evaserat.
435 1437 577 1515 Praecipue
598 1438 768 1500 Ptolemaeus
789 1439 866 1499 levo
885 1438 945 1498 hu-

270 1537 354 1577 mero
372 1517 472 1576 leviter
487 1519 601 1593 quidem
618 1518 748 1586 saucius,
769 1518 814 1578 sed
833 1518 949 1598 majore-

269 1596 400 1675 periculo
417 1616 503 1671 quam
518 1596 636 1656 vulnere
647 1595 782 1666 allectus,
798 1597 870 1676 tegis
883 1598 946 1658 sol·

271 1674 948 1755 licitudineminseconverterat.8anguinecon·

271 1755 382 1836 junctus
395 1770 474 1823 erat,
498 1773 527 1815 et
538 1754 652 1832 quidam
671 1753 802 1833 Philippo
815 1756 950 1835 genitunu

271 1855 331 1906 esse
353 1834 526 1907 credebant3
549 1850 625 1893 certe
647 1834 750 1910 pellice
767 1834 828 1914 ejus
847 1853 949 1896 ortum

270 1915 429 1976 constabat.
446 1914 524 1973 ldem
536 1913 663 1991 corpoeis
674 1934 767 1975 custos
779 1954 788 1981 ‚
808 1914 946 1991 promtis·

270 1993 412 2069 simusque
431 1994 576 2065 bellator3
598 2011 627 2053 et
643 1992 720 2070 pacis
736 1995 840 2055 artibus
857 2014 949 2072 quant

270 2072 381 2133 militiae
395 2072 489 2149 major
498 2092 527 2134 et
541 2071 665 2141 clarior,
681 2073 798 2134 modico
808 2075 951 2150 civilique.

270 2153 350 2212 cultu
362 2190 371 2217 ,
387 2151 510 2210 liberalis
522 2150 551 2207 in
562 2147 676 2226 primis,
692 2151 823 2228 adituque
834 2152 951 2222 facilis„

269 2230 343 2292 nihil
363 2249 399 2288 ex
420 2229 490 2290 fastu
512 2230 592 2308 regio
612 2247 789 2291 assumserat.
815 2230 864 2291 Ob
885 2229 946 2291 haee

268 2310 331 2391 tegi
349 2328 385 2369 an
404 2307 586 2386 popularibus
605 2308 700 2399 carior
712 2326 804 2378 esset,
824 2308 951 2372 dubitari

269 2404 383 2468 poterae
398 2411 411 2448 a
423 2404 484 2448 eum
501 2408 577 2448 certe
593 2408 717 2465 primum
732 2407 862 2461 expertus
877 2406 951 2449 suo<

269 2490 335 2530 rum
354 2466 487 2536 animos,
507 2468 579 2527 adeo
590 2485 621 2527 ut
632 2467 776 2529 fortunam
788 2508 805 2537 ,-
817 2468 847 2528 in
858 2488 951 2545 quane

268 2567 369 2628 postea
387 2547 511 2608 ascendit
522 2586 532 2615 ‚
545 2547 575 2605 in
594 2547 647 2607 illo
660 2548 791 2624 pen'culo
804 2546 952 2609 Macedo*

269 2649 321 2689 nes
345 2628 464 2687 ominati
486 2648 544 2687 esse
566 2626 729 2689 videantur.-
748 2625 865 2705 Quippe
885 2645 952 2706 note

269 2708 365 2768 levior
376 2708 433 2766 illis
442 2706 589 2767 Ptolemaei
599 2707 651 2767 fuit
660 2726 725 2766 eura
736 2747 747 2772 ,
758 2727 843 2783 quam
855 2706 954 2787 regies

271 2787 320 2862 qui
332 2806 360 2844 et
377 2786 474 2862 praelio
493 2784 721 2847 et'sollicitudine
732 2784 866 2866 fatigatus
879 2803 953 2850 cun

270 2864 429 2926 Ptolemaeo
447 2864 598 2934 assideret,
621 2865 747 2933 lectum,
769 2863 800 2923 in
816 2884 866 2942 quo
884 2863 953 2943 ipsa

270 2944 483 3029 acquiesceret,
499 2945 580 3029 jussit
594 2943 706 3029 inferri·
718 2945 753 3008 In
769 2961 900 3026 quemue
913 2959 952 3010 te
