2625 4017
384 536 445 604 ‘452'
547 520 613 606 Q.'
652 520 896 588 CURTII

384 621 470 690 tulnri
490 637 521 687 te
532 622 697 687 Alexandro
709 625 806 696 dixit,
826 622 898 705 quod
917 623 1023 688 saltent
1041 627 1072 690 in

385 706 470 768 India
483 706 630 784 reperisset
645 704 762 785 dignum
772 702 888 765 talentis
900 704 995 771 mille.
1006 710 1071 770 Rex

385 786 460 848 haud
473 787 575 846 oblitus
585 808 673 864 quam
684 806 756 866 aegre
766 786 896 854 tulisset,
913 789 994 863 quod
1006 788 1071 848 Cli·

385 883 449 927 tum
471 870 508 926 ob
529 867 633 948 linguae
662 866 855 925 temeritatem
879 866 1068 938 occidisset,

386 945 460 1009 itam
472 945 585 1023 quidem
596 946 706 1013 tenuit,
719 944 766 1004 sed
777 944 869 1014 dixit,
885 942 1005 1006 invidos
1017 946 1068 1007 Irn-

388 1024 478 1085 minet
491 1022 562 1084 niln‘l
574 1023 672 1095 aliud,
691 1044 770 1103 quant
784 1024 904 1105 ipsorum
923 1045 990 1087 esse
1007 1043 1068 1089 tor-

387 1123 493 1166 menta.

430 1185 510 1247 Cre.
522 1182 625 1244 XIII.
640 1182 760 1243 Postero
775 1181 822 1243 die
836 1180 926 1265 legati
939 1184 1068 1246 Abisatae

389 1265 485 1329 adiere
501 1285 609 1345 regem.
634 1260 739 1323 Omnia
754 1260 854 1321 ditioni
872 1264 957 1342 ejus,
981 1266 1021 1325 ita
1039 1282 1069 1326 ut

388 1345 556 1407 mandatum
571 1359 652 1411 erat,
664 1340 859 1421 permittebant
872 1368 881 1401 .·
895 1342 1068 1422 firmataque

388 1424 515 1488 invicem
526 1422 581 1482 fide
593 1421 774 1482 remittuntur
783 1421 818 1482 ad
829 1441 940 1501 regem.
957 1424 1069 1485 Porum

389 1524 504 1583 quoque
518 1501 643 1561 nominis
657 1501 699 1561 sui
708 1502 786 1562 fama
800 1519 875 1561 ratus
890 1503 927 1562 ad
942 1503 1068 1563 deditio·

389 1604 459 1646 nem
475 1601 556 1660 posse
572 1580 730 1657 compelli,
751 1581 828 1641 misit
840 1581 874 1640 ad
889 1601 959 1642 eum
973 1584 1066 1644 Cleo·

389 1662 496 1726 charen
508 1703 517 1732 ,
537 1662 585 1740 qui
597 1660 775 1720 denuntiaret
786 1662 833 1729 ei,
853 1677 883 1719 ut
895 1660 1068 1742 stipendium

385 1741 541 1824 penderet,
564 1759 591 1800 et
602 1740 631 1798 t'n
644 1737 847 1819 prt‘ntofiniutn
863 1759 976 1799 suornm
989 1740 1068 1801 aditu

389 1840 550 1882 occurreret
565 1818 635 1899 regi.
651 1820 740 1879 Porus
757 1816 871 1878 alterum
886 1840 922 1879 ex
939 1818 987 1879 Iris
998 1819 1068 1897 fat-

388 1917 479 1960 turum
496 1921 559 1959 sese
578 1899 743 1975 respondit3
765 1915 795 1956 nt
813 1896 930 1958 intranti
951 1918 1067 1979 regnum

389 1998 469 2040 suunt
477 1996 578 2057 praesto
591 1994 686 2046 esset,
707 1975 756 2037 sed
768 1994 902 2039 armatus.
919 1978 989 2044 Jam
1002 1979 1069 2057 Hy-

388 2059 493 2136 daspen
524 2057 687 2117 Alexander
716 2076 844 2133 superare
871 2057 1070 2133 decreverat3

387 2160 457 2200 cum
471 2139 621 2198 Barzentes
636 2136 803 2196 defectionis
817 2136 984 2198 Arachosiis
1001 2161 1069 2199 auc-

388 2235 437 2279 tor
456 2218 590 2286 vinctus,
618 2217 789 2297 trigintaque
811 2216 955 2293 elephanti
980 2218 1069 2279 simul

391 2300 467 2376 capti
489 2297 699 2375 perducuntur,
716 2314 908 2373 opportunum
934 2296 1069 2360 adversus

387 2378 474 2439 Indos
492 2377 657 2436 auxilium:
679 2376 782 2451 quippe
800 2375 863 2451 plus
884 2377 914 2436 in
934 2376 1068 2449 belluis,

387 2479 474 2534 quam
489 2457 518 2515 in
533 2455 658 2516 exercitu
675 2455 733 2531 spei
750 2476 783 2515 ae
799 2454 902 2516 vitium
919 2454 977 2515 illis
994 2476 1069 2523 erat.

386 2535 591 2612 Gamaxusque
608 2554 659 2593 rex
672 2534 781 2615 exiguae
798 2535 883 2611 partis
900 2534 1066 2606 Indorum,

384 2618 435 2695 qui
451 2615 581 2677 Barzenti
596 2633 625 2673 se
642 2614 855 2691 conjunxerat,
879 2615 994 2676 vinctus
1014 2617 1067 2676 ad-

384 2696 482 2757 ductus
499 2714 552 2754 est.
579 2693 669 2773 Igitur
691 2694 833 2774 transfuga
855 2713 883 2754 et
904 2696 1010 2774 regulo
1034 2698 1066 2755 in

381 2775 562 2841 custodiam,
586 2769 744 2847 elephantis
765 2791 860 2833 autem
878 2773 978 2833 Taxili
1004 2793 1066 2836 tra-

378 2855 468 2925 ditis,
493 2851 527 2913 ad
548 2869 666 2913 amnem
686 2852 837 2929 Hydaspen
856 2853 988 2930 pervenit
1009 2879 1018 2916 ε
1036 2857 1067 2915 in

378 2935 459 3016 cujus
469 2933 604 2997 ulteriore
615 2932 677 3011 ripa
687 2932 775 3014 Purus
786 2933 971 3009 consederat,
984 2952 1069 3011 tram,
