2625 4017
358 555 363 562 ’
399 582 453 640 'sat
499 571 528 629 J.
563 573 753 628 retrusa.
788 570 991 626 supatru.

400 668 446 716 det
461 666 531 717 urbes
547 665 684 731 opportunis
698 664 757 714 locis
771 664 870 713 exstrui
886 663 978 723 iussit,
996 679 1024 715 ne
1035 662 1072 715 αῡέ

400 734 474 783 ducto
497 736 603 783 exercitu
622 732 680 795 sera
702 747 762 796 gens
788 729 953 781 obedientium
977 747 1073 782 exuerer·

398 799 479 849 Motis
493 799 550 848 inde
567 797 674 853 castris,
693 811 722 845 ut
737 795 845 844 militem
860 796 1026 860 expeditione
1040 814 1074 846 re·

397 865 467 916 cerati
480 870 567 915 fessum
584 864 709 920 reficeret,
725 863 796 912 lento
811 861 914 927 agmine
929 866 1075 931 Babylonem

399 935 560 997 procedebat.
574 934 677 996 Jamque
690 930 732 980 vix
748 929 854 995 triginta
871 932 906 980 ab
921 933 984 981 urbe
998 931 1077 981 stadiis

400 1002 486 1051 aberat
496 1018 503 1061 3
517 1017 570 1049 cum
579 999 705 1048 Nearchus
714 995 842 1054 occurrit,
861 1012 938 1061 quem
949 1016 996 1063 per
1006 1002 1077 1048 Ocea·

394 1078 459 1119 'num
476 1084 501 1118 et
513 1065 643 1130 Euphratis
657 1064 721 1115 ostia
736 1064 892 1129 Babylonem
911 1066 1076 1129 premiserat:

402 1135 552 1199 orabatque,
570 1152 597 1187 ne
604 1136 711 1198 fatalem
724 1133 771 1183 sibi
780 1130 865 1181 urbem
880 1138 960 1185 vellet
978 1135 1079 1203 ingredi.

403 1204 557 1269 Compertum
572 1203 596 1251 id
611 1200 658 1251 tibi
672 1218 700 1251 eat
716 1198 855 1255 Chaldaeis,
875 1202 919 1265 qui
934 1205 1023 1252 multis
1030 1206 1076 1265 iem

399 1272 583 1338 praedicrionum
604 1269 727 1319 eventibus
747 1267 812 1314 artis
834 1282 889 1315 suae
911 1269 1078 1318 certitudinem

402 1335 676 1403 ubundeprobuvistenr.
694 1336 747 1383 Rex
757 1335 820 1381 fama
832 1346 925 1382 torum
935 1333 1076 1391 hominum,

402 1400 574 1464 constantique
595 1398 774 1449 asseveratione
795 1412 908 1457 morus,
932 1398 1043 1451 dimissis
1058 1399 1079 1447 in

403 1468 487 1517 urbem
502 1466 636 1517 amicorum
651 1464 791 1531 plerisque,
812 1464 860 1514 alia
878 1466 924 1516 uia
938 1482 1029 1531 praeter
1042 1468 1080 1517 Ba·
1120 1497 1122 1506 .

402 1536 521 1601 bylonem
535 1533 605 1585 ducit
615 1536 627 1591 ‚'
641 1550 668 1582 ac
684 1529 795 1583 ducentia
811 1530 872 1581 inde
889 1534 982 1585 stadiis
998 1533 1080 1585 statiua

402 1602 484 1653 locat.
502 1603 548 1652 Sed
564 1601 594 1651 ab
611 1601 759 1650 Anaxarcho
775 1615 929 1663 persuasus,
952 1598 1080 1653 contemtia

398 1670 576 1721 chaldeorum
590 1666 714 1726 monitis,
732 1682 836 1731 quotum
853 1667 1022 1732 disciplinam
1035 1669 1079 1718 ina-

403 1752 460 1786 nem
472 1753 513 1787 aut
521 1752 694 1801 superuacuam
705 1733 867 1784 arbitrabatur
878 1771 886 1787 .
901 1737 992 1787 urbem
1002 1737 1079 1788 intrat.

403 1806 553 1870 legationes
566 1820 597 1852 eo
612 1821 641 1853 er
656 1801 771 1852 universo
781 1805 859 1850 ferme
873 1804 941 1853 orbe
958 1805 1081 1855 confluxe·

403 1889 468 1922 rant.
479 1872 574 1933 Quibus
584 1886 628 1934 per
637 1870 776 1933 complures
785 1868 837 1918 dies
847 1870 966 1922 studiose
975 1873 1077 1926 auditis.

402 1939 519 2002 deinceps
537 1940 567 1987 ad
585 1936 765 2001 Hephaestionis
782 1936 899 2000 exequias
920 1940 1017 2001 adjecit
1033 1936 1081 1988 ani·

400 2022 478 2055 mum.
495 2009 554 2067 Quia
566 2022 661 2055 summo
676 2003 785 2054 omnium
798 2004 886 2052 studio
902 2004 940 2055 ita
957 2008 1080 2058 celebrate
1121 2007 1123 2012 ⁴

399 2088 472 2128 sunt,
490 2089 516 2122 ut
531 2070 622 2122 nullius
632 2072 662 2121 ad
677 2072 702 2121 id
712 2087 806 2134 tempus
821 2070 889 2136 regis
905 2074 1015 2133 feralia,
1034 2092 1081 2123 mt-

399 2141 530 2207 gnirudine
539 2155 660 2190 sumtuum
670 2154 860 2203 ‚apparatusque
871 2142 1025 2191 celebritate
1035 2156 1080 2190 nou

399 2208 518 2258 vicerint.
532 2209 593 2256 Post
608 2208 655 2255 haec
672 2206 763 2269 cupido
778 2205 879 2255 incessit
895 2209 953 2274 regi
970 2227 1017 2273 per
1030 2208 1081 2258 Pal·

400 2278 514 2339 laeopam
529 2291 622 2323 amnem
636 2276 665 2323 ad
680 2274 789 2323 Arabum
802 2272 911 2323 confinia
926 2276 1081 2343 navigandi:

400 2361 451 2409 quo
468 2345 564 2392 delarue
579 2341 632 2391 urbi
649 2342 780 2390 tondendas
802 2344 942 2391 commoda
964 2346 1024 2394 sede
1044 2359 1081 2393 re·

400 2427 472 2476 perta
482 2448 489 2469 ‚
501 2412 640 2460 Grecorum
650 2423 719 2458 aetatc
728 2424 769 2458 aut
778 2407 926 2459 vulneribus
937 2410 1080 2466 invalidos,

401 2478 458 2527 etsi
475 2476 515 2542 qui
524 2493 613 2540 sponte
621 2489 801 2533 remanserant,
820 2473 855 2524 ibi
871 2478 1002 2528 collocat.
1022 2477 1080 2540 Qui·

402 2545 447 2595 bus
465 2562 494 2593 ex
516 2544 636 2594 sententia
654 2544 768 2606 perfectis
789 2544 835 2602 iam
857 2545 939 2594 futuri
959 2563 1079 2601 securus,

402 2612 530 2661 Chaldaeos
540 2612 674 2667 irridebat,
693 2613 751 2676 quod
763 2610 909 2676 Babylonem
926 2631 976 2664 non
987 2616 1080 2682 ingrer-

401 2696 443 2729 sus
457 2694 551 2729 tanturn
568 2697 626 2730 esser
642 2680 785 2734 incolumis,
804 2694 889 2728 verum
904 2682 985 2729 eriam
1001 2698 1079 2732 exces-

401 2749 481 2797 sisset.
501 2744 633 2795 Enimvero
652 2744 786 2793 revertenti
806 2760 847 2807 pet
866 2745 975 2807 paludes
991 2783 1000 2805 ‚
1024 2761 1078 2811 quae

400 2812 573 2875 Euphratesia
588 2813 744 2872 Pallacopam
760 2811 846 2861 effusus
861 2811 966 2871 effisit,
985 2816 1078 2863 foeduta

399 2895 475 2928 omen
487 2881 596 2929 oblatum
607 2894 653 2929 est.
667 2878 765 2942 Quippe
781 2878 840 2927 rami
857 2880 964 2943 desuper
981 2880 1078 2945 impen-

400 2949 486 2997 dentes
502 2949 637 2998 detractum
654 2944 729 3010 capiti
746 2945 815 3011 regio
832 2944 946 2996 diadema
966 2950 1079 3013 projece-

399 3010 458 3067 runt
468 3014 494 3067 ia
507 3014 606 3070 fluetus.
623 3018 685 3069 Cum
701 3010 791 3067 deinde
806 3012 1007 3079 disruperant
1020 3021 1081 3082 pt'ea,
