2625 4017
411 575 468 632 130
588 549 905 630 Q.·CURTII

408 655 534 718 medicus
542 653 727 732 praedixerat)
739 672 809 733 aegre
819 652 920 712 serens.
930 649 1008 709 Inter
1015 645 1077 712 haee

408 756 427 798 a
445 732 658 803 Parmenione,
681 731 816 792 fidissimo
835 747 1078 808 purpuratorum,

408 816 503 875 literas
519 811 639 889 accipit,
660 811 758 889 quibus
775 812 801 871 ei
818 810 1020 879 denuntiabat,
1042 829 1078 867 ne

407 890 525 953 salutem
542 910 620 950 suurn
636 889 764 971 Philippo
782 888 979 961 committerem
1001 885 1077 947 mille

408 969 524 1032 talearis
540 967 684 1040 aDario,
705 987 732 1029 et
744 989 791 1047 spe
807 968 962 1047 nuptiarum
973 965 1078 1027 sororis

409 1051 470 1129 ejus
485 1069 546 1109 esre
564 1067 726 1130 corruptum.
742 1049 890 1128 Ingentem
901 1048 1000 1108 animo
1020 1047 1078 1106 sol·

408 1128 586 1191 licitudinem
600 1128 687 1189 literae
697 1130 889 1199 incusserant,
906 1144 935 1187 et
944 1124 1079 1204 quidquid

408 1209 440 1269 in
458 1226 606 1285 utramque
622 1227 732 1286 partem
748 1226 797 1269 aut
813 1226 924 1276 metus,
948 1224 998 1266 aut
1017 1224 1078 1282 spes

409 1282 586 1364 subjecerat,
606 1307 710 1348 secreta
730 1288 914 1348 aestimatione
932 1288 1077 1364 pensabat.

410 1364 512 1426 Bibere
521 1367 720 1444 perseverem?
735 1382 786 1433 ut,
805 1364 830 1424 sr'
843 1385 975 1425 venenum
986 1363 1079 1423 datum

402 1441 516 1521 fuerit,
535 1463 570 1503 rte
581 1445 718 1505 immerito
736 1442 867 1520 quidem,
885 1442 1015 1521 quidquid
1030 1462 1080 1502 aa·

410 1520 529 1590 ciderit,
548 1523 675 1583 evertisse
691 1521 843 1584 uideatur?
860 1520 1002 1582 Damnem
1019 1540 1080 1580 rne-

409 1597 590 1679 dicifidem?
607 1601 637 1661 in
649 1599 822 1661 tabernaculo
836 1620 898 1680 ergo
911 1622 953 1661 me
965 1598 1080 1679 opprimi

405 1677 528 1759 patiar?
548 1677 587 1740 At
603 1680 694 1740 satius
709 1698 750 1741 est
763 1677 854 1741 alieno
873 1701 914 1739 me
928 1682 996 1739 mori
1015 1698 1080 1739 tce·

410 1757 485 1829 iere,
510 1779 589 1837 quam
607 1780 679 1819 meru
699 1780 768 1820 meu.
791 1760 851 1821 Diu
870 1760 969 1820 animo
986 1759 1017 1818 in
1035 1758 1081 1817 di-

411 1857 491 1900 versa
502 1857 634 1907 versato,
654 1840 747 1907 nulli,
766 1840 830 1916 quid
842 1840 976 1916 scripturn
988 1853 1082 1905 estet,

412 1917 559 1978 enuntiat:
576 1918 802 1995 epistolamque,
821 1919 916 1999 sigillo
927 1918 1026 1978 annuli
1039 1916 1083 1977 sui

411 1994 575 2072 impressam
596 2035 606 2066 ‚
632 1996 751 2074 pulvino
771 2026 781 2066 t
814 2000 860 2059 eui
890 1998 1042 2058 incubabat
1071 2032 1083 2065 ,

411 2075 539 2153 subjecit.
561 2077 638 2135 Inter
654 2075 703 2137 has
722 2078 910 2156 cogitationes
927 2075 1013 2137 biduo
1031 2077 1083 2135 ab·

411 2174 526 2232 sumpto
538 2196 548 2223 ,
559 2155 661 2215 illuxit,
673 2178 688 2215 a
702 2158 814 2217 medico
833 2157 983 2216 destinatus
999 2154 1080 2223 dies,

413 2251 442 2292 et
451 2233 500 2293 ille
512 2255 578 2295 cum
588 2234 712 2310 poculo,
733 2235 829 2312 inquo
840 2235 1082 2296 medicamentum

412 2312 553 2381 diluerat,
569 2314 693 2376 intravit.
706 2312 776 2390 Quo
791 2316 853 2377 viso
864 2312 1029 2375 Alexander
1038 2314 1082 2372 le·

411 2410 481 2452 vato
502 2412 622 2469 corpore
642 2393 673 2453 in
694 2394 842 2464 cubitum,
867 2393 1040 2471 epistolam,
1063 2412 1082 2451 a

412 2468 602 2533 Parmenione
610 2473 859 2541 missam,sinistra
869 2489 1085 2539 mamttenene,

412 2550 515 2627 accipit
525 2551 683 2627 poculum,
699 2571 727 2611 et
740 2551 832 2613 haurit
844 2553 1003 2623 interritus3
1016 2568 1083 2610 tum

413 2627 556 2707 epistolam
576 2628 739 2709 Philippum
755 2629 845 2710 legere
867 2632 945 2711 jubet
963 2653 972 2693 t
990 2649 1045 2690 nec
1064 2649 1083 2689 a

412 2710 493 2769 vultu
512 2708 631 2788 legentis
653 2712 747 2772 movit
767 2712 889 2784 oculos,
908 2726 1003 2777 ratus,
1024 2707 1082 2767 ali-

413 2806 481 2861 quas
500 2789 677 2849 conscientiae
695 2807 776 2850 notas
794 2791 823 2849 in
843 2791 906 2867 ipso
926 2807 977 2847 ore
997 2807 1083 2864 posse

413 2864 629 2955 deprehendere.
641 2867 714 2935 lile,
729 2869 847 2945 epistola
861 2868 1004 2945 perlecta,
1019 2869 1086 2942 plue

412 2944 614 3026 indignationis
632 2968 717 3025 quam
727 2951 840 3026 pavoris
856 2946 998 3010 ostendit:
1012 2966 1086 3025 pro·
