<?xml version="1.0" encoding="UTF-8"?>
<!DOCTYPE html PUBLIC "-//W3C//DTD XHTML 1.0 Transitional//EN"
    "http://www.w3.org/TR/xhtml1/DTD/xhtml1-transitional.dtd">
<html xmlns="http://www.w3.org/1999/xhtml" xml:lang="en" lang="en">
 <head>
  <title>
</title>
<meta http-equiv="Content-Type" content="text/html;charset=utf-8" />
  <meta name='ocr-system' content='tesseract 3.04.00' />
  <meta name='ocr-capabilities' content='ocr_page ocr_carea ocr_par ocr_line ocrx_word'/>
</head>
<body>
  <div class='ocr_page' id='page_1' title='image "./qcurtiirufidere00rufugoog_0134.png"; bbox 0 0 2625 4017; ppageno 0'>
   <div class='ocr_carea' id='block_1_1' title="bbox 426 550 1063 633">
    <p class='ocr_par' dir='ltr' id='par_1_1' title="bbox 426 550 1063 633">
     <span class='ocr_line' id='line_1_1' title="bbox 426 550 1063 633; baseline 0.005 -11"><span class='ocrx_word' id='word_1_1' title='bbox 426 561 470 622; x_wconf 77' lang='lat' dir='ltr'>tn</span> <span class='ocrx_word' id='word_1_2' title='bbox 506 571 540 633; x_wconf 87' lang='lat' dir='ltr'>Q.</span> <span class='ocrx_word' id='word_1_3' title='bbox 576 561 766 624; x_wconf 60' lang='lat' dir='ltr'>euterun</span> <span class='ocrx_word' id='word_1_4' title='bbox 800 569 828 623; x_wconf 79' lang='lat' dir='ltr'>n.</span> <span class='ocrx_word' id='word_1_5' title='bbox 862 563 904 625; x_wconf 73' lang='grc' dir='ltr'>η’.</span> <span class='ocrx_word' id='word_1_6' title='bbox 955 583 1001 625; x_wconf 74' lang='lat' dir='ltr'>tat</span> <span class='ocrx_word' id='word_1_7' title='bbox 1054 550 1063 567; x_wconf 88' lang='lat'><strong><em>‘</em></strong></span> 
     </span>
    </p>
   </div>
   <div class='ocr_carea' id='block_1_2' title="bbox 316 656 1009 3083">
    <p class='ocr_par' dir='ltr' id='par_1_2' title="bbox 316 656 1009 3022">
     <span class='ocr_line' id='line_1_2' title="bbox 325 656 1005 720; baseline 0.009 -12"><span class='ocrx_word' id='word_1_8' title='bbox 325 656 451 709; x_wconf 70' lang='lat' dir='ltr'>{eettimo</span> <span class='ocrx_word' id='word_1_9' title='bbox 460 660 513 711; x_wconf 83' lang='lat' dir='ltr'>nisu</span> <span class='ocrx_word' id='word_1_10' title='bbox 525 658 722 709; x_wconf 77' lang='lat' dir='ltr'>incumbentibus</span> <span class='ocrx_word' id='word_1_11' title='bbox 732 658 856 720; x_wconf 82' lang='lat' dir='ltr'>omnibns,</span> <span class='ocrx_word' id='word_1_12' title='bbox 867 678 922 713; x_wconf 86' lang='lat' dir='ltr'>eum</span> <span class='ocrx_word' id='word_1_13' title='bbox 931 677 1005 714; x_wconf 59' lang='lat' dir='ltr'>nemun</span> 
     </span>
     <span class='ocr_line' id='line_1_3' title="bbox 325 726 1002 787; baseline 0.007 -11"><span class='ocrx_word' id='word_1_14' title='bbox 325 728 448 777; x_wconf 88' lang='lat' dir='ltr'>lationem</span> <span class='ocrx_word' id='word_1_15' title='bbox 463 744 530 777; x_wconf 85' lang='lat' dir='ltr'>snam</span> <span class='ocrx_word' id='word_1_16' title='bbox 545 726 653 776; x_wconf 85' lang='lat' dir='ltr'>hostium</span> <span class='ocrx_word' id='word_1_17' title='bbox 667 726 762 776; x_wconf 75' lang='lat' dir='ltr'>damnis</span> <span class='ocrx_word' id='word_1_18' title='bbox 776 743 929 787; x_wconf 79' lang='lat' dir='ltr'>exercerent,</span> <span class='ocrx_word' id='word_1_19' title='bbox 947 746 1002 780; x_wconf 85' lang='lat' dir='ltr'>mo·</span> 
     </span>
     <span class='ocr_line' id='line_1_4' title="bbox 325 794 1000 861; baseline 0.007 -17"><span class='ocrx_word' id='word_1_20' title='bbox 325 810 411 845; x_wconf 86' lang='lat' dir='ltr'>mento</span> <span class='ocrx_word' id='word_1_21' title='bbox 422 794 543 860; x_wconf 84' lang='lat' dir='ltr'>temporis</span> <span class='ocrx_word' id='word_1_22' title='bbox 551 794 669 843; x_wconf 83' lang='lat' dir='ltr'>inclinata</span> <span class='ocrx_word' id='word_1_23' title='bbox 676 798 790 853; x_wconf 81' lang='lat' dir='ltr'>formut3</span> <span class='ocrx_word' id='word_1_24' title='bbox 807 796 1000 861; x_wconf 78' lang='lat' dir='ltr'>Ephialteecum</span> 
     </span>
     <span class='ocr_line' id='line_1_5' title="bbox 325 860 999 930; baseline 0.007 -19"><span class='ocrx_word' id='word_1_25' title='bbox 325 861 441 925; x_wconf 83' lang='lat' dir='ltr'><strong>plurimis</strong></span> <span class='ocrx_word' id='word_1_26' title='bbox 456 860 645 925; x_wconf 84' lang='lat' dir='ltr'>fortissimisque</span> <span class='ocrx_word' id='word_1_27' title='bbox 656 879 753 913; x_wconf 87' lang='lat' dir='ltr'>anorum</span> <span class='ocrx_word' id='word_1_28' title='bbox 767 878 855 923; x_wconf 77' lang='lat' dir='ltr'>cesus,</span> <span class='ocrx_word' id='word_1_29' title='bbox 873 864 961 930; x_wconf 80' lang='lat' dir='ltr'>reliqui</span> <span class='ocrx_word' id='word_1_30' title='bbox 972 866 999 916; x_wconf 85' lang='lat' dir='ltr'>in</span> 
     </span>
     <span class='ocr_line' id='line_1_6' title="bbox 324 929 998 994; baseline 0.009 -16"><span class='ocrx_word' id='word_1_31' title='bbox 324 931 410 980; x_wconf 89' lang='lat' dir='ltr'>urbem</span> <span class='ocrx_word' id='word_1_32' title='bbox 418 929 509 994; x_wconf 83' lang='lat' dir='ltr'>repulsi</span> <span class='ocrx_word' id='word_1_33' title='bbox 519 943 585 979; x_wconf 89' lang='lat' dir='ltr'>sunt.</span> <span class='ocrx_word' id='word_1_34' title='bbox 593 929 743 980; x_wconf 84' lang='lat' dir='ltr'>lnttoierant</span> <span class='ocrx_word' id='word_1_35' title='bbox 750 929 824 980; x_wconf 85' lang='lat' dir='ltr'>etiam</span> <span class='ocrx_word' id='word_1_36' title='bbox 833 932 998 984; x_wconf 80' lang='lat' dir='ltr'>Macedonum</span> 
     </span>
     <span class='ocr_line' id='line_1_7' title="bbox 322 996 998 1065; baseline 0.006 -18"><span class='ocrx_word' id='word_1_37' title='bbox 322 998 414 1056; x_wconf 90' lang='lat' dir='ltr'>multi,</span> <span class='ocrx_word' id='word_1_38' title='bbox 431 1013 458 1047; x_wconf 89' lang='lat' dir='ltr'>et</span> <span class='ocrx_word' id='word_1_39' title='bbox 467 996 588 1061; x_wconf 89' lang='lat' dir='ltr'>oppidum</span> <span class='ocrx_word' id='word_1_40' title='bbox 603 996 631 1045; x_wconf 81' lang='lat' dir='ltr'>vi</span> <span class='ocrx_word' id='word_1_41' title='bbox 646 997 802 1060; x_wconf 81' lang='lat' dir='ltr'>capiebatur3</span> <span class='ocrx_word' id='word_1_42' title='bbox 820 1015 875 1048; x_wconf 88' lang='lat' dir='ltr'>cum</span> <span class='ocrx_word' id='word_1_43' title='bbox 885 999 998 1065; x_wconf 78' lang='lat' dir='ltr'>receptui</span> 
     </span>
     <span class='ocr_line' id='line_1_8' title="bbox 321 1063 1000 1131; baseline 0.004 -17"><span class='ocrx_word' id='word_1_44' title='bbox 321 1064 376 1114; x_wconf 86' lang='lat' dir='ltr'>cani</span> <span class='ocrx_word' id='word_1_45' title='bbox 392 1082 434 1115; x_wconf 81' lang='lat' dir='ltr'>rex</span> <span class='ocrx_word' id='word_1_46' title='bbox 449 1064 537 1127; x_wconf 87' lang='lat' dir='ltr'>jussit,</span> <span class='ocrx_word' id='word_1_47' title='bbox 555 1064 609 1114; x_wconf 81' lang='lat' dir='ltr'>sive</span> <span class='ocrx_word' id='word_1_48' title='bbox 624 1078 651 1113; x_wconf 91' lang='lat' dir='ltr'>ut</span> <span class='ocrx_word' id='word_1_49' title='bbox 660 1063 712 1114; x_wconf 91' lang='lat' dir='ltr'>urbi</span> <span class='ocrx_word' id='word_1_50' title='bbox 729 1080 856 1128; x_wconf 70' lang='lat' dir='ltr'>parceret,</span> <span class='ocrx_word' id='word_1_51' title='bbox 873 1066 1000 1131; x_wconf 72' lang='lat' dir='ltr'>aivepoe·</span> 
     </span>
     <span class='ocr_line' id='line_1_9' title="bbox 323 1131 1001 1196; baseline 0.006 -15"><span class='ocrx_word' id='word_1_52' title='bbox 323 1132 394 1196; x_wconf 87' lang='lat' dir='ltr'>cipiti</span> <span class='ocrx_word' id='word_1_53' title='bbox 405 1133 489 1194; x_wconf 81' lang='lat' dir='ltr'>jamin</span> <span class='ocrx_word' id='word_1_54' title='bbox 499 1148 625 1195; x_wconf 82' lang='lat' dir='ltr'>vesperam</span> <span class='ocrx_word' id='word_1_55' title='bbox 636 1131 694 1189; x_wconf 90' lang='lat' dir='ltr'>die,</span> <span class='ocrx_word' id='word_1_56' title='bbox 712 1147 829 1187; x_wconf 88' lang='lat' dir='ltr'>noctem,</span> <span class='ocrx_word' id='word_1_57' title='bbox 846 1147 873 1183; x_wconf 84' lang='lat' dir='ltr'>ee</span> <span class='ocrx_word' id='word_1_58' title='bbox 886 1135 1001 1185; x_wconf 77' lang='lat' dir='ltr'>occultat</span> 
     </span>
     <span class='ocr_line' id='line_1_10' title="bbox 321 1198 1000 1266; baseline 0.001 -18"><span class='ocrx_word' id='word_1_59' title='bbox 321 1198 419 1266; x_wconf 80' lang='lat' dir='ltr'>ignotis</span> <span class='ocrx_word' id='word_1_60' title='bbox 441 1201 508 1250; x_wconf 81' lang='lat' dir='ltr'>locis</span> <span class='ocrx_word' id='word_1_61' title='bbox 528 1198 628 1248; x_wconf 83' lang='lat' dir='ltr'>insidias</span> <span class='ocrx_word' id='word_1_62' title='bbox 649 1200 785 1249; x_wconf 81' lang='lat' dir='ltr'>metuebat.</span> <span class='ocrx_word' id='word_1_63' title='bbox 808 1200 865 1247; x_wconf 83' lang='lat' dir='ltr'>llnc</span> <span class='ocrx_word' id='word_1_64' title='bbox 888 1200 1000 1263; x_wconf 71' lang='lat' dir='ltr'>prelium</span> 
     </span>
     <span class='ocr_line' id='line_1_11' title="bbox 321 1264 1002 1332; baseline 0 -15"><span class='ocrx_word' id='word_1_65' title='bbox 321 1266 455 1332; x_wconf 77' lang='lat' dir='ltr'>precipuas</span> <span class='ocrx_word' id='word_1_66' title='bbox 480 1269 634 1317; x_wconf 78' lang='lat' dir='ltr'>obsessorum</span> <span class='ocrx_word' id='word_1_67' title='bbox 660 1265 726 1315; x_wconf 83' lang='lat' dir='ltr'>vites</span> <span class='ocrx_word' id='word_1_68' title='bbox 751 1264 895 1318; x_wconf 84' lang='lat' dir='ltr'>consumsit.</span> <span class='ocrx_word' id='word_1_69' title='bbox 918 1265 1002 1332; x_wconf 78' lang='lat' dir='ltr'>lgitun</span> 
     </span>
     <span class='ocr_line' id='line_1_12' title="bbox 320 1332 998 1397; baseline -0.001 -12"><span class='ocrx_word' id='word_1_70' title='bbox 320 1338 442 1385; x_wconf 83' lang='lat' dir='ltr'>Memnon</span> <span class='ocrx_word' id='word_1_71' title='bbox 452 1352 479 1385; x_wconf 94' lang='lat' dir='ltr'>re</span> <span class='ocrx_word' id='word_1_72' title='bbox 489 1351 545 1384; x_wconf 86' lang='lat' dir='ltr'>cum</span> <span class='ocrx_word' id='word_1_73' title='bbox 554 1334 725 1390; x_wconf 81' lang='lat' dir='ltr'>Orontobate,</span> <span class='ocrx_word' id='word_1_74' title='bbox 738 1332 779 1397; x_wconf 90' lang='lat' dir='ltr'>qui</span> <span class='ocrx_word' id='word_1_75' title='bbox 791 1333 873 1382; x_wconf 89' lang='lat' dir='ltr'>urbem</span> <span class='ocrx_word' id='word_1_76' title='bbox 884 1335 998 1392; x_wconf 80' lang='lat' dir='ltr'>tenebat,</span> 
     </span>
     <span class='ocr_line' id='line_1_13' title="bbox 320 1398 998 1467; baseline 0.001 -16"><span class='ocrx_word' id='word_1_77' title='bbox 320 1403 461 1467; x_wconf 83' lang='lat' dir='ltr'>ceterisque</span> <span class='ocrx_word' id='word_1_78' title='bbox 471 1403 574 1452; x_wconf 78' lang='lat' dir='ltr'>ducibus</span> <span class='ocrx_word' id='word_1_79' title='bbox 590 1399 742 1459; x_wconf 84' lang='lat' dir='ltr'>deliberata,</span> <span class='ocrx_word' id='word_1_80' title='bbox 759 1414 834 1450; x_wconf 85' lang='lat' dir='ltr'>nocte</span> <span class='ocrx_word' id='word_1_81' title='bbox 850 1398 998 1464; x_wconf 71' lang='lat' dir='ltr'>intempeste</span> 
     </span>
     <span class='ocr_line' id='line_1_14' title="bbox 320 1467 998 1535; baseline -0.003 -15"><span class='ocrx_word' id='word_1_82' title='bbox 320 1469 410 1521; x_wconf 90' lang='lat' dir='ltr'>turrim</span> <span class='ocrx_word' id='word_1_83' title='bbox 419 1468 529 1535; x_wconf 82' lang='lat' dir='ltr'>ligneam</span> <span class='ocrx_word' id='word_1_84' title='bbox 538 1484 563 1519; x_wconf 92' lang='lat' dir='ltr'>et</span> <span class='ocrx_word' id='word_1_85' title='bbox 571 1467 699 1532; x_wconf 86' lang='lat' dir='ltr'>porticus,</span> <span class='ocrx_word' id='word_1_86' title='bbox 713 1467 753 1517; x_wconf 88' lang='lat' dir='ltr'>ubi</span> <span class='ocrx_word' id='word_1_87' title='bbox 762 1469 811 1518; x_wconf 85' lang='lat' dir='ltr'>tela</span> <span class='ocrx_word' id='word_1_88' title='bbox 821 1469 998 1528; x_wconf 69' lang='lat' dir='ltr'>servabantur,</span> 
     </span>
     <span class='ocr_line' id='line_1_15' title="bbox 319 1533 997 1601; baseline 0 -15"><span class='ocrx_word' id='word_1_89' title='bbox 319 1536 476 1596; x_wconf 88' lang='lat' dir='ltr'>incendunt,</span> <span class='ocrx_word' id='word_1_90' title='bbox 493 1535 647 1601; x_wconf 71' lang='lat' dir='ltr'>edifitiisque</span> <span class='ocrx_word' id='word_1_91' title='bbox 656 1551 728 1585; x_wconf 90' lang='lat' dir='ltr'>muro</span> <span class='ocrx_word' id='word_1_92' title='bbox 744 1533 833 1586; x_wconf 84' lang='lat' dir='ltr'>vicinis</span> <span class='ocrx_word' id='word_1_93' title='bbox 848 1536 929 1601; x_wconf 83' lang='lat' dir='ltr'>ignem</span> <span class='ocrx_word' id='word_1_94' title='bbox 938 1554 997 1601; x_wconf 83' lang='lat' dir='ltr'>sup-</span> 
     </span>
     <span class='ocr_line' id='line_1_16' title="bbox 318 1602 998 1670; baseline 0 -16"><span class='ocrx_word' id='word_1_95' title='bbox 318 1620 435 1670; x_wconf 88' lang='lat' dir='ltr'>ponunt:</span> <span class='ocrx_word' id='word_1_96' title='bbox 446 1623 496 1670; x_wconf 88' lang='lat' dir='ltr'>quo</span> <span class='ocrx_word' id='word_1_97' title='bbox 510 1602 624 1654; x_wconf 82' lang='lat' dir='ltr'>celeriter</span> <span class='ocrx_word' id='word_1_98' title='bbox 636 1618 774 1666; x_wconf 85' lang='lat' dir='ltr'>concepto,</span> <span class='ocrx_word' id='word_1_99' title='bbox 791 1618 846 1652; x_wconf 86' lang='lat' dir='ltr'>eum</span> <span class='ocrx_word' id='word_1_100' title='bbox 859 1614 884 1653; x_wconf 81' lang='lat' dir='ltr'>et</span> <span class='ocrx_word' id='word_1_101' title='bbox 896 1620 925 1655; x_wconf 86' lang='lat' dir='ltr'>ex</span> <span class='ocrx_word' id='word_1_102' title='bbox 938 1621 998 1669; x_wconf 79' lang='lat' dir='ltr'>por·</span> 
     </span>
     <span class='ocr_line' id='line_1_17' title="bbox 320 1669 996 1738; baseline -0.006 -15"><span class='ocrx_word' id='word_1_103' title='bbox 320 1674 412 1723; x_wconf 79' lang='lat' dir='ltr'>ritibus</span> <span class='ocrx_word' id='word_1_104' title='bbox 426 1672 537 1738; x_wconf 89' lang='lat' dir='ltr'>turrique</span> <span class='ocrx_word' id='word_1_105' title='bbox 550 1672 646 1721; x_wconf 88' lang='lat' dir='ltr'>flamma</span> <span class='ocrx_word' id='word_1_106' title='bbox 655 1685 733 1721; x_wconf 86' lang='lat' dir='ltr'>vento</span> <span class='ocrx_word' id='word_1_107' title='bbox 743 1669 835 1734; x_wconf 78' lang='lat' dir='ltr'>agitata</span> <span class='ocrx_word' id='word_1_108' title='bbox 848 1672 996 1731; x_wconf 74' lang='lat' dir='ltr'>accederet,</span> 
     </span>
     <span class='ocr_line' id='line_1_18' title="bbox 318 1737 997 1801; baseline -0.003 -11"><span class='ocrx_word' id='word_1_109' title='bbox 318 1742 371 1792; x_wconf 88' lang='lat' dir='ltr'>late</span> <span class='ocrx_word' id='word_1_110' title='bbox 379 1742 498 1791; x_wconf 86' lang='lat' dir='ltr'>fuderunt</span> <span class='ocrx_word' id='word_1_111' title='bbox 510 1739 660 1789; x_wconf 85' lang='lat' dir='ltr'>incendium.</span> <span class='ocrx_word' id='word_1_112' title='bbox 677 1737 867 1801; x_wconf 81' lang='lat' dir='ltr'>oppidanorum</span> <span class='ocrx_word' id='word_1_113' title='bbox 876 1737 997 1788; x_wconf 86' lang='lat' dir='ltr'>militum·</span> 
     </span>
     <span class='ocr_line' id='line_1_19' title="bbox 319 1803 995 1874; baseline -0.007 -14"><span class='ocrx_word' id='word_1_114' title='bbox 319 1826 368 1874; x_wconf 93' lang='lat' dir='ltr'>que</span> <span class='ocrx_word' id='word_1_115' title='bbox 377 1807 532 1859; x_wconf 83' lang='lat' dir='ltr'>validissima</span> <span class='ocrx_word' id='word_1_116' title='bbox 541 1822 596 1870; x_wconf 77' lang='lat' dir='ltr'>pars</span> <span class='ocrx_word' id='word_1_117' title='bbox 609 1822 690 1855; x_wconf 90' lang='lat' dir='ltr'>arcem</span> <span class='ocrx_word' id='word_1_118' title='bbox 706 1806 732 1854; x_wconf 92' lang='lat' dir='ltr'>in</span> <span class='ocrx_word' id='word_1_119' title='bbox 748 1803 826 1853; x_wconf 85' lang='lat' dir='ltr'>insula</span> <span class='ocrx_word' id='word_1_120' title='bbox 836 1804 906 1854; x_wconf 80' lang='lat' dir='ltr'>sitam</span> <span class='ocrx_word' id='word_1_121' title='bbox 918 1820 995 1855; x_wconf 85' lang='lat' dir='ltr'>oceu-</span> 
     </span>
     <span class='ocr_line' id='line_1_20' title="bbox 318 1869 996 1941; baseline -0.007 -14"><span class='ocrx_word' id='word_1_122' title='bbox 318 1876 409 1941; x_wconf 75' lang='lat' dir='ltr'>pavit3</span> <span class='ocrx_word' id='word_1_123' title='bbox 426 1874 469 1924; x_wconf 89' lang='lat' dir='ltr'>alii</span> <span class='ocrx_word' id='word_1_124' title='bbox 484 1874 510 1923; x_wconf 90' lang='lat' dir='ltr'>in</span> <span class='ocrx_word' id='word_1_125' title='bbox 521 1873 681 1924; x_wconf 84' lang='lat' dir='ltr'>Salmacidem</span> <span class='ocrx_word' id='word_1_126' title='bbox 697 1889 722 1921; x_wconf 82' lang='lat' dir='ltr'>se</span> <span class='ocrx_word' id='word_1_127' title='bbox 736 1873 864 1921; x_wconf 85' lang='lat' dir='ltr'>contulere</span> <span class='ocrx_word' id='word_1_128' title='bbox 875 1890 881 1922; x_wconf 76' lang='lat' dir='ltr'>e</span> <span class='ocrx_word' id='word_1_129' title='bbox 892 1869 996 1938; x_wconf 78' lang='lat' dir='ltr'>alteriue</span> 
     </span>
     <span class='ocr_line' id='line_1_21' title="bbox 318 1938 991 2006; baseline -0.006 -12"><span class='ocrx_word' id='word_1_130' title='bbox 318 1943 384 1995; x_wconf 82' lang='lat' dir='ltr'>arcis</span> <span class='ocrx_word' id='word_1_131' title='bbox 401 1944 429 1993; x_wconf 90' lang='lat' dir='ltr'>id</span> <span class='ocrx_word' id='word_1_132' title='bbox 447 1958 555 1998; x_wconf 89' lang='lat' dir='ltr'>nomen,</span> <span class='ocrx_word' id='word_1_133' title='bbox 572 1939 678 1989; x_wconf 89' lang='lat' dir='ltr'>inditum</span> <span class='ocrx_word' id='word_1_134' title='bbox 694 1957 707 1987; x_wconf 87' lang='lat' dir='ltr'>a</span> <span class='ocrx_word' id='word_1_135' title='bbox 723 1942 811 1997; x_wconf 84' lang='lat' dir='ltr'>fonte,</span> <span class='ocrx_word' id='word_1_136' title='bbox 828 1938 869 2006; x_wconf 90' lang='lat' dir='ltr'>qui</span> <span class='ocrx_word' id='word_1_137' title='bbox 885 1940 920 1990; x_wconf 90' lang='lat' dir='ltr'>ibi</span> <span class='ocrx_word' id='word_1_138' title='bbox 937 1952 991 1999; x_wconf 78' lang='lat' dir='ltr'>ese,</span> 
     </span>
     <span class='ocr_line' id='line_1_22' title="bbox 318 2006 1009 2077; baseline -0.007 -16"><span class='ocrx_word' id='word_1_139' title='bbox 318 2009 495 2077; x_wconf 69' lang='lat' dir='ltr'>sulgatiesima</span> <span class='ocrx_word' id='word_1_140' title='bbox 508 2013 585 2059; x_wconf 75' lang='lat' dir='ltr'>same.</span> <span class='ocrx_word' id='word_1_141' title='bbox 600 2008 730 2072; x_wconf 83' lang='lat' dir='ltr'>Reliquam</span> <span class='ocrx_word' id='word_1_142' title='bbox 743 2006 928 2058; x_wconf 83' lang='lat' dir='ltr'>multitudinem</span> <span class='ocrx_word' id='word_1_143' title='bbox 943 2019 1009 2058; x_wconf 71' lang='lat' dir='ltr'>ret-12</span> 
     </span>
     <span class='ocr_line' id='line_1_23' title="bbox 318 2074 1009 2144; baseline -0.006 -16"><span class='ocrx_word' id='word_1_144' title='bbox 318 2093 367 2144; x_wconf 93' lang='lat' dir='ltr'>que</span> <span class='ocrx_word' id='word_1_145' title='bbox 383 2077 504 2142; x_wconf 80' lang='lat' dir='ltr'>pretiosas</span> <span class='ocrx_word' id='word_1_146' title='bbox 524 2078 596 2126; x_wconf 86' lang='lat' dir='ltr'>duces</span> <span class='ocrx_word' id='word_1_147' title='bbox 613 2090 746 2124; x_wconf 82' lang='lat' dir='ltr'>avexerunt</span> <span class='ocrx_word' id='word_1_148' title='bbox 761 2074 786 2123; x_wconf 91' lang='lat' dir='ltr'>in</span> <span class='ocrx_word' id='word_1_149' title='bbox 801 2078 856 2124; x_wconf 85' lang='lat' dir='ltr'>Con</span> <span class='ocrx_word' id='word_1_150' title='bbox 878 2074 1009 2142; x_wconf 52' lang='lat' dir='ltr'>insulam(</span> 
     </span>
     <span class='ocr_line' id='line_1_24' title="bbox 317 2141 1009 2208; baseline -0.006 -13"><span class='ocrx_word' id='word_1_151' title='bbox 317 2147 463 2195; x_wconf 85' lang='lat' dir='ltr'>Alexander</span> <span class='ocrx_word' id='word_1_152' title='bbox 472 2143 566 2195; x_wconf 88' lang='lat' dir='ltr'>indicio</span> <span class='ocrx_word' id='word_1_153' title='bbox 576 2145 770 2208; x_wconf 79' lang='lat' dir='ltr'>transfugarum,</span> <span class='ocrx_word' id='word_1_154' title='bbox 788 2157 813 2191; x_wconf 92' lang='lat' dir='ltr'>et</span> <span class='ocrx_word' id='word_1_155' title='bbox 825 2141 920 2203; x_wconf 82' lang='lat' dir='ltr'>objecta</span> <span class='ocrx_word' id='word_1_156' title='bbox 930 2155 1009 2191; x_wconf 73' lang='lat' dir='ltr'>ocu-³</span> 
     </span>
     <span class='ocr_line' id='line_1_25' title="bbox 318 2207 994 2278; baseline -0.009 -15"><span class='ocrx_word' id='word_1_157' title='bbox 318 2213 351 2263; x_wconf 82' lang='lat' dir='ltr'>lis</span> <span class='ocrx_word' id='word_1_158' title='bbox 367 2212 450 2278; x_wconf 85' lang='lat' dir='ltr'>speeie</span> <span class='ocrx_word' id='word_1_159' title='bbox 464 2248 472 2272; x_wconf 91' lang='lat'>,</span> <span class='ocrx_word' id='word_1_160' title='bbox 491 2229 541 2278; x_wconf 82' lang='lat' dir='ltr'>que</span> <span class='ocrx_word' id='word_1_161' title='bbox 554 2211 581 2260; x_wconf 92' lang='lat' dir='ltr'>in</span> <span class='ocrx_word' id='word_1_162' title='bbox 593 2211 651 2259; x_wconf 83' lang='lat' dir='ltr'>urbe</span> <span class='ocrx_word' id='word_1_163' title='bbox 667 2225 734 2273; x_wconf 82' lang='lat' dir='ltr'>gesta</span> <span class='ocrx_word' id='word_1_164' title='bbox 745 2207 848 2259; x_wconf 88' lang='lat' dir='ltr'>fuissent</span> <span class='ocrx_word' id='word_1_165' title='bbox 862 2209 994 2273; x_wconf 82' lang='lat' dir='ltr'>cognitis,</span> 
     </span>
     <span class='ocr_line' id='line_1_26' title="bbox 318 2277 996 2346; baseline -0.007 -17"><span class='ocrx_word' id='word_1_166' title='bbox 318 2298 456 2346; x_wconf 87' lang='lat' dir='ltr'>quanquam</span> <span class='ocrx_word' id='word_1_167' title='bbox 465 2279 545 2329; x_wconf 86' lang='lat' dir='ltr'>media</span> <span class='ocrx_word' id='word_1_168' title='bbox 558 2293 647 2334; x_wconf 87' lang='lat' dir='ltr'>nocte,</span> <span class='ocrx_word' id='word_1_169' title='bbox 663 2277 812 2326; x_wconf 77' lang='lat' dir='ltr'>Macedonas</span> <span class='ocrx_word' id='word_1_170' title='bbox 826 2278 851 2325; x_wconf 90' lang='lat' dir='ltr'>in</span> <span class='ocrx_word' id='word_1_171' title='bbox 860 2277 942 2326; x_wconf 82' lang='lat' dir='ltr'>urbem</span> <span class='ocrx_word' id='word_1_172' title='bbox 958 2279 996 2325; x_wconf 89' lang='lat' dir='ltr'>ir-</span> 
     </span>
     <span class='ocr_line' id='line_1_27' title="bbox 319 2343 993 2414; baseline -0.012 -15"><span class='ocrx_word' id='word_1_173' title='bbox 319 2366 389 2401; x_wconf 82' lang='lat' dir='ltr'>ruere</span> <span class='ocrx_word' id='word_1_174' title='bbox 399 2386 406 2406; x_wconf 93' lang='lat'>,</span> <span class='ocrx_word' id='word_1_175' title='bbox 417 2364 441 2400; x_wconf 82' lang='lat' dir='ltr'>er</span> <span class='ocrx_word' id='word_1_176' title='bbox 449 2366 506 2414; x_wconf 79' lang='lat' dir='ltr'>ques</span> <span class='ocrx_word' id='word_1_177' title='bbox 514 2346 648 2398; x_wconf 82' lang='lat' dir='ltr'>incendium</span> <span class='ocrx_word' id='word_1_178' title='bbox 657 2360 771 2413; x_wconf 82' lang='lat' dir='ltr'>augentes</span> <span class='ocrx_word' id='word_1_179' title='bbox 779 2343 993 2408; x_wconf 77' lang='lat' dir='ltr'>deprehendissent,</span> 
     </span>
     <span class='ocr_line' id='line_1_28' title="bbox 319 2406 994 2481; baseline -0.013 -16"><span class='ocrx_word' id='word_1_180' title='bbox 319 2416 471 2477; x_wconf 74' lang='lat' dir='ltr'>interficere,·</span> <span class='ocrx_word' id='word_1_181' title='bbox 487 2415 508 2463; x_wconf 86' lang='lat' dir='ltr'>si</span> <span class='ocrx_word' id='word_1_182' title='bbox 517 2415 556 2481; x_wconf 84' lang='lat' dir='ltr'>qui</span> <span class='ocrx_word' id='word_1_183' title='bbox 569 2414 632 2463; x_wconf 88' lang='lat' dir='ltr'>domi</span> <span class='ocrx_word' id='word_1_184' title='bbox 644 2430 668 2463; x_wconf 84' lang='lat' dir='ltr'>se</span> <span class='ocrx_word' id='word_1_185' title='bbox 684 2412 850 2464; x_wconf 78' lang='lat' dir='ltr'>continerent,</span> <span class='ocrx_word' id='word_1_186' title='bbox 867 2406 895 2457; x_wconf 83' lang='lat' dir='ltr'>ab</span> <span class='ocrx_word' id='word_1_187' title='bbox 910 2424 994 2459; x_wconf 80' lang='lat' dir='ltr'>rorum</span> 
     </span>
     <span class='ocr_line' id='line_1_29' title="bbox 318 2473 995 2548; baseline -0.01 -16"><span class='ocrx_word' id='word_1_188' title='bbox 318 2484 383 2534; x_wconf 83' lang='lat' dir='ltr'>caede</span> <span class='ocrx_word' id='word_1_189' title='bbox 395 2498 525 2548; x_wconf 78' lang='lat' dir='ltr'>temperare</span> <span class='ocrx_word' id='word_1_190' title='bbox 541 2479 618 2541; x_wconf 83' lang='lat' dir='ltr'>jubet.</span> <span class='ocrx_word' id='word_1_191' title='bbox 634 2481 700 2527; x_wconf 86' lang='lat' dir='ltr'>Luce</span> <span class='ocrx_word' id='word_1_192' title='bbox 715 2476 804 2525; x_wconf 86' lang='lat' dir='ltr'>oborta</span> <span class='ocrx_word' id='word_1_193' title='bbox 812 2488 879 2522; x_wconf 83' lang='lat' dir='ltr'>arces</span> <span class='ocrx_word' id='word_1_194' title='bbox 890 2473 995 2525; x_wconf 74' lang='lat' dir='ltr'>aPersie</span> 
     </span>
     <span class='ocr_line' id='line_1_30' title="bbox 318 2540 995 2606; baseline -0.01 -9"><span class='ocrx_word' id='word_1_195' title='bbox 318 2563 345 2597; x_wconf 90' lang='lat' dir='ltr'>et</span> <span class='ocrx_word' id='word_1_196' title='bbox 360 2545 516 2597; x_wconf 79' lang='lat' dir='ltr'>mercenariis</span> <span class='ocrx_word' id='word_1_197' title='bbox 524 2546 625 2595; x_wconf 78' lang='lat' dir='ltr'>insessas</span> <span class='ocrx_word' id='word_1_198' title='bbox 641 2543 836 2606; x_wconf 81' lang='lat' dir='ltr'>contemplatus,</span> <span class='ocrx_word' id='word_1_199' title='bbox 854 2556 909 2590; x_wconf 85' lang='lat' dir='ltr'>cnm</span> <span class='ocrx_word' id='word_1_200' title='bbox 922 2540 995 2590; x_wconf 76' lang='lat' dir='ltr'>obsi-</span> 
     </span>
     <span class='ocr_line' id='line_1_31' title="bbox 318 2606 993 2678; baseline -0.007 -15"><span class='ocrx_word' id='word_1_201' title='bbox 318 2615 421 2664; x_wconf 88' lang='lat' dir='ltr'>dionem</span> <span class='ocrx_word' id='word_1_202' title='bbox 435 2631 518 2664; x_wconf 89' lang='lat' dir='ltr'>earum</span> <span class='ocrx_word' id='word_1_203' title='bbox 526 2611 599 2678; x_wconf 79' lang='lat' dir='ltr'>longi</span> <span class='ocrx_word' id='word_1_204' title='bbox 607 2611 688 2676; x_wconf 85' lang='lat' dir='ltr'>operit</span> <span class='ocrx_word' id='word_1_205' title='bbox 697 2614 803 2660; x_wconf 89' lang='lat' dir='ltr'>futuram</span> <span class='ocrx_word' id='word_1_206' title='bbox 812 2606 993 2671; x_wconf 82' lang='lat' dir='ltr'>suspicaretur,</span> 
     </span>
     <span class='ocr_line' id='line_1_32' title="bbox 316 2675 992 2746; baseline -0.01 -14"><span class='ocrx_word' id='word_1_207' title='bbox 316 2698 397 2746; x_wconf 90' lang='lat' dir='ltr'>neque</span> <span class='ocrx_word' id='word_1_208' title='bbox 410 2680 516 2745; x_wconf 88' lang='lat' dir='ltr'>pretium</span> <span class='ocrx_word' id='word_1_209' title='bbox 529 2694 628 2745; x_wconf 82' lang='lat' dir='ltr'>putatet</span> <span class='ocrx_word' id='word_1_210' title='bbox 642 2677 722 2741; x_wconf 87' lang='lat' dir='ltr'>capite</span> <span class='ocrx_word' id='word_1_211' title='bbox 736 2675 818 2743; x_wconf 75' lang='lat' dir='ltr'>gentis</span> <span class='ocrx_word' id='word_1_212' title='bbox 833 2691 992 2741; x_wconf 84' lang='lat' dir='ltr'>expugnato,</span> 
     </span>
     <span class='ocr_line' id='line_1_33' title="bbox 316 2742 992 2810; baseline -0.006 -11"><span class='ocrx_word' id='word_1_213' title='bbox 316 2751 413 2799; x_wconf 78' lang='lat' dir='ltr'>duabu·</span> <span class='ocrx_word' id='word_1_214' title='bbox 429 2748 525 2799; x_wconf 84' lang='lat' dir='ltr'>arcibus</span> <span class='ocrx_word' id='word_1_215' title='bbox 541 2746 714 2803; x_wconf 85' lang='lat' dir='ltr'>adsidentem,</span> <span class='ocrx_word' id='word_1_216' title='bbox 736 2742 824 2810; x_wconf 82' lang='lat' dir='ltr'>agendi</span> <span class='ocrx_word' id='word_1_217' title='bbox 837 2759 933 2808; x_wconf 78' lang='lat' dir='ltr'>tempus</span> <span class='ocrx_word' id='word_1_218' title='bbox 946 2760 992 2807; x_wconf 87' lang='lat' dir='ltr'>per</span> 
     </span>
     <span class='ocr_line' id='line_1_34' title="bbox 316 2811 991 2876; baseline -0.007 -9"><span class='ocrx_word' id='word_1_219' title='bbox 316 2816 400 2867; x_wconf 90' lang='lat' dir='ltr'>otium</span> <span class='ocrx_word' id='word_1_220' title='bbox 414 2831 439 2865; x_wconf 90' lang='lat' dir='ltr'>et</span> <span class='ocrx_word' id='word_1_221' title='bbox 448 2815 560 2866; x_wconf 85' lang='lat' dir='ltr'>inertiam</span> <span class='ocrx_word' id='word_1_222' title='bbox 569 2831 666 2869; x_wconf 79' lang='lat' dir='ltr'>terere3</span> <span class='ocrx_word' id='word_1_223' title='bbox 682 2815 765 2863; x_wconf 90' lang='lat' dir='ltr'>urbem</span> <span class='ocrx_word' id='word_1_224' title='bbox 775 2812 851 2876; x_wconf 83' lang='lat' dir='ltr'>ipsam</span> <span class='ocrx_word' id='word_1_225' title='bbox 865 2811 991 2871; x_wconf 80' lang='lat' dir='ltr'>exsindie,</span> 
     </span>
     <span class='ocr_line' id='line_1_35' title="bbox 316 2880 990 2948; baseline -0.006 -14"><span class='ocrx_word' id='word_1_226' title='bbox 316 2901 387 2934; x_wconf 86' lang='lat' dir='ltr'>arces</span> <span class='ocrx_word' id='word_1_227' title='bbox 408 2899 479 2933; x_wconf 87' lang='lat' dir='ltr'>muro</span> <span class='ocrx_word' id='word_1_228' title='bbox 499 2887 613 2948; x_wconf 85' lang='lat' dir='ltr'>fossaque</span> <span class='ocrx_word' id='word_1_229' title='bbox 637 2880 811 2943; x_wconf 83' lang='lat' dir='ltr'>circumseptas</span> <span class='ocrx_word' id='word_1_230' title='bbox 830 2880 990 2930; x_wconf 77' lang='lat' dir='ltr'>Ptolemaeum</span> 
     </span>
     <span class='ocr_line' id='line_1_36' title="bbox 316 2946 1003 3022; baseline -0.015 -16"><span class='ocrx_word' id='word_1_231' title='bbox 316 2953 451 3016; x_wconf 65' lang='lat' dir='ltr'>observare</span> <span class='ocrx_word' id='word_1_232' title='bbox 462 2951 546 3019; x_wconf 87' lang='lat' dir='ltr'>jubet,</span> <span class='ocrx_word' id='word_1_233' title='bbox 561 2966 635 3020; x_wconf 89' lang='lat' dir='ltr'>quem</span> <span class='ocrx_word' id='word_1_234' title='bbox 647 2966 703 3003; x_wconf 81' lang='lat' dir='ltr'>cum</span> <span class='ocrx_word' id='word_1_235' title='bbox 714 2947 791 3002; x_wconf 85' lang='lat' dir='ltr'>tribus</span> <span class='ocrx_word' id='word_1_236' title='bbox 801 2946 909 3022; x_wconf 56' lang='lat' dir='ltr'>milliens</span> <span class='ocrx_word' id='word_1_237' title='bbox 919 2962 1003 3013; x_wconf 62' lang='lat' dir='ltr'>pere-,³</span> 
     </span>
    </p>

    <p class='ocr_par' dir='ltr' id='par_1_3' title="bbox 825 3015 1004 3083">
     <span class='ocr_line' id='line_1_37' title="bbox 825 3015 1004 3083; baseline 0.011 -3"><span class='ocrx_word' id='word_1_238' title='bbox 825 3015 883 3083; x_wconf 66' lang='lat' dir='ltr'>,lui</span> <span class='ocrx_word' id='word_1_239' title='bbox 996 3031 1004 3075; x_wconf 73' lang='grc' dir='ltr'><strong><em>ι</em></strong></span> 
     </span>
    </p>
   </div>
   <div class='ocr_carea' id='block_1_3' title="bbox 0 0 1318 4017">
    <p class='ocr_par' dir='ltr' id='par_1_4' title="bbox 0 0 1318 4017">
     <span class='ocr_line' id='line_1_38' title="bbox 0 0 1318 4017; baseline 0 4"><span class='ocrx_word' id='word_1_240' title='bbox 0 0 1318 4017; x_wconf 95' lang='lat' dir='ltr'> </span> 
     </span>
    </p>
   </div>
  </div>
 </body>
</html>
