2625 4017
366 541 925 625 ,rspocunsrr-

369 653 549 709 obverterent
570 669 713 726 corpora,
737 670 805 709 cum
820 648 947 726 undique
967 655 1052 711 'tem-

369 728 483 805 pestatis
495 729 630 790 violentia
643 730 759 804 major,
780 728 866 805 uuam
879 731 1048 801 vitabatur,

371 826 544 870 occurreret.
551 808 629 887 Ergo
636 808 778 869 ordinibus
786 808 1047 885 soluttspertoturn

371 889 476 947 saltum
487 887 675 947 errabundum
685 906 789 968 agmen
799 885 957 959 ferebatur3
969 890 1049 948 mul-

371 967 448 1043 tique
460 967 534 1044 prius
545 985 643 1035 metu,
665 988 751 1042 quam
768 966 866 1027 labore
877 967 1048 1047 defatigati,
1075 1014 1077 1018 s

370 1063 579 1125 prostraverant
604 1045 684 1105 humi
706 1066 855 1121 corpora,
880 1066 1048 1123 quanquam

370 1126 536 1186 'imbrem
509 1148 551 1185 vis
565 1126 675 1215 frigoris
688 1144 823 1185 concreto
839 1126 907 1205 gelu
923 1126 1048 1186 adstrin-

372 1223 463 1266 xerat.
476 1204 536 1264 Atii
553 1226 581 1265 se
600 1204 736 1281 stipitibus
753 1206 887 1265 arborum
903 1204 1049 1264 admove-

372 1301 447 1345 rant.
467 1284 498 1343 ld
509 1285 637 1361 plurimis
650 1304 679 1345 et
695 1284 898 1344 adminiculum
911 1302 940 1344 et
957 1282 1049 1343 suffu-

373 1385 455 1443 grum
464 1383 533 1423 erat
549 1363 612 1422 Nec
624 1363 757 1423 fallebat
750 1384 824 1440 ipsos
839 1363 927 1422 morti
943 1363 1048 1423 locum

373 1444 500 1521 eligere,
521 1462 586 1501 tum
604 1442 767 1503 immobiles
786 1442 878 1502 vitalis
891 1444 970 1501 calor
986 1443 1049 1499 lin·

374 1540 519 1598 queret:t
510 1520 556 1580 sed
577 1540 655 1600 grata
675 1539 734 1580 erat
755 1521 866 1611 pigritia
888 1541 1048 1611 corporum
1115 1590 1117 1593 Ι

373 1599 518 1679 fatigatis,
542 1620 595 1659 nec
615 1603 781 1660 recusabant
801 1600 928 1678 extingui
948 1600 1048 1677 quies

373 1680 477 1742 condo.
492 1676 607 1756 Quippe
622 1700 682 1740 non
698 1681 851 1740 vehemens
867 1674 979 1746 modo,
998 1677 1048 1738 sed

375 1760 463 1822 etiam
478 1758 606 1834 pertinax
615 1761 657 1820 vis
670 1761 739 1819 mali
753 1759 914 1830 insistebat,
929 1760 1048 1819 lucem·

375 1859 432 1913 que
447 1837 572 1897 naturale
587 1839 720 1899 solatium
735 1858 831 1914 preter
847 1855 1050 1914 tempestatem

378 1917 449 1984 haud
459 1916 597 1990 disparem
607 1918 704 1988 nocti,
716 1918 859 1979 siliarum
858 1937 974 2008 quoque
980 1937 1051 1976 um-

375 1999 426 2058 bra
442 2012 640 2084 suppresserat.
655 1997 718 2058 Rex
734 2018 806 2059 unus
821 1997 891 2057 tanti
907 1996 976 2055 mali
993 2016 1049 2072 pa-

376 2075 448 2137 tiens
459 2076 607 2135 circumire
619 2078 724 2136 milites
737 2117 747 2147 ,
762 2075 928 2137 contrahere
938 2076 1051 2152 disper·

374 2176 441 2221 tos,
458 2155 581 2213 allevare
592 2176 767 2231 prostratos,
787 2156 933 2216 ostendere
943 2153 1049 2232 procul

374 2234 524 2322 evolutum
543 2253 578 2292 ex
594 2235 711 2312 tuguriis
725 2236 861 2306 furnum,
884 2234 1050 2309 hortarique

376 2332 407 2372 ur
421 2311 555 2392 proxima
583 2334 656 2391 quaeq
660 2335 692 2373 ue
718 2311 841 2392 suffirgia
868 2327 1048 2391 occuparent.

374 2390 478 2453 Ne'cul
480 2392 508 2449 la
520 2412 562 2451 res
579 2392 668 2471 magis
683 2395 763 2453 saluti
779 2395 854 2461 fuit,
872 2414 956 2469 quam
970 2391 1051 2467 quod

375 2468 566 2574 multplicato
593 2474 691 2532 labore
716 2470 902 2534 sufficientem
927 2472 1013 2531 malis
1039 2510 1051 2540 ,

375 2551 476 2627 quibus
487 2550 538 2626 ipsi
549 2571 707 2621 cesserant,
728 2573 756 2610 re
778 2573 825 2617 em
841 2552 968 2611 deserere
982 2571 1052 2610 eru-

376 2631 538 2690 bescebant.
563 2629 733 2691 Ceterume
718 2633 861 2691 etacior
877 2632 907 2689 in
927 2630 1051 2689 adversis

376 2709 544 2775 necessitas,
558 2731 643 2784 quam
656 2712 749 2777 ratio,
767 2709 878 2800 frigoris
889 2709 1051 2769 remedium

375 2787 495 2849 invenit.
515 2788 649 2848 Dolabris
667 2791 712 2849 eni
716 2812 776 2847 nisi
756 2789 838 2849 ilvas
855 2808 978 2849 sternere
995 2809 1053 2867 ag-

376 2888 447 2949 gres
452 2868 482 2933 i,
499 2888 560 2943 pass
563 2868 600 2926 im
620 2890 736 2929 acervos
751 2886 891 2944 struesque
905 2868 1052 2927 accende-

373 2965 450 3014 runt.
464 2945 631 3009 Continenti
650 2948 784 3013 incendio
802 2949 898 3012 ardere
918 2946 1053 3013 crederes
