2625 4017
383 482 447 604 m
566 511 610 600 Q.
649 517 891 583 cunrrr

385 620 499 762 psius:
511 618 588 700 cujus
601 619 628 680 ri
646 615 987 708 auctoremrepericrent,
1008 614 1065 681 de*

407 720 416 760 r

419 719 493 761 turos
515 696 622 774 fuisse.
650 697 720 760 Cum
743 697 815 759 Diis
841 717 915 758 emm
932 718 1063 779 pugnare

387 777 489 841 saccile
510 796 674 839 ostaticum.
697 775 825 838 Ceterum
846 797 878 837 se
920 795 1011 838 entem
1030 777 1061 839 in

378 856 470 939 fidem
480 798 600 925 decim,
619 874 761 935 superatos
776 854 877 917 uirtute
887 796 978 920 iilius.
995 859 1060 919 Rex

385 938 441 1006 fide
453 939 536 1007 data,
555 953 584 997 et
595 936 712 1013 captivis
729 935 870 1015 receptis,
892 956 1012 1015 gentem
1029 936 1060 996 in

384 1017 560 1078 deditionem
573 1016 692 1093 accepit.
703 1015 807 1075 Castris
818 1015 883 1075 inde
894 1017 982 1076 motis
994 1017 1057 1076 lec-

385 1098 443 1157 tica
455 1096 572 1155 militari
591 1096 731 1155 ferebatur
744 1134 754 1163 ,
774 1116 860 1172 quam
871 1114 924 1173 pro
935 1116 964 1166 se
983 1096 1062 1172 quis·

386 1195 442 1255 que
453 1196 537 1252 eques
550 1174 689 1253 pedesque
699 1174 790 1235 subire
802 1176 958 1237 certabant.
968 1174 1062 1251 Equi-

386 1272 450 1325 tes,
474 1274 535 1313 cum
555 1251 652 1331 quibus
674 1271 724 1312 rex
741 1250 839 1331 proelio
860 1251 931 1312 inire
957 1251 1062 1313 roditur

386 1351 465 1402 erat,
480 1332 523 1392 sui
532 1331 652 1391 orunerir
662 1328 691 1389 id
701 1350 761 1390 esre
771 1334 934 1393 censebant.
948 1330 1062 1393 Pedites

384 1430 506 1479 contra,
524 1430 585 1469 cunr
595 1408 706 1469 saucios
717 1409 915 1470 commilitones
927 1409 983 1491 ipsi
991 1430 1062 1491 ges-

385 1509 445 1553 tare
456 1489 669 1560 assuevisrent;
689 1488 759 1569 eripi
773 1489 828 1550 sibi
837 1489 978 1571 proprium
996 1486 1062 1568 offi-

382 1571 460 1633 cium
478 1566 740 1649 remotissimum,
760 1589 821 1629 cum
837 1588 887 1630 rex
902 1568 1060 1649 gestandus

386 1667 462 1711 esset
472 1691 483 1719 ,
495 1650 694 1726 querebantur.
705 1648 769 1709 Rex
779 1649 808 1708 in
819 1665 899 1709 tanto
912 1648 1059 1726 utriusque

385 1731 471 1811 partis
481 1728 654 1796 certamine,
672 1748 700 1787 et
712 1728 762 1786 sibi
772 1725 935 1798 difficilem,
949 1747 976 1788 et
989 1749 1061 1810 prae·

385 1810 474 1871 teritis
491 1827 610 1886 gravem
627 1806 801 1869 electionem
817 1808 941 1868 futuram
960 1825 1061 1881 ratusg

384 1887 505 1950 inuicem
520 1884 612 1944 subire
630 1905 678 1945 eos
691 1885 780 1963 jussit.
799 1885 876 1947 Hinc
894 1904 995 1964 quarto
1012 1887 1060 1949 die

385 1967 421 2029 ad
440 1967 540 2026 urbem
553 1965 725 2025 Maracanda
743 1983 910 2042 perventum
923 1985 975 2030 est.
995 1984 1061 2029 axx

384 2045 473 2109 stadia
489 2064 586 2104 murus
601 2044 677 2104 urbis
693 2045 882 2123 amplectitur.
898 2047 959 2106 Arx
974 2047 1062 2108 nullo

383 2125 509 2206 cingitur
518 2144 613 2186 muro.
632 2123 762 2184 Prasidio
774 2126 835 2203 urbi
847 2126 945 2187 relicto
957 2164 967 2195 ‚
988 2147 1060 2205 pro-

384 2206 480 2269 ximos
495 2203 577 2264 vicos
588 2203 798 2281 depopulatur,
820 2223 903 2283 atque
913 2205 981 2268 urit.
997 2205 1059 2267 Le-

384 2285 444 2368 gati
460 2282 559 2343 deinde
575 2285 718 2346 Abiorum
737 2282 904 2361 Scytharum
920 2306 1059 2361 superve-

385 2365 469 2426 niunt
479 2385 488 2436 r
498 2360 580 2422 liberi
590 2381 625 2420 ex
633 2383 692 2439 quo
705 2362 859 2423 decesserat
871 2364 962 2441 Cyrus
972 2386 982 2439 ς
993 2381 1058 2427 tum

385 2444 524 2522 imperata
547 2441 658 2504 facturi.
679 2439 852 2509 Justissimas
871 2445 1059 2506 barbarorum

385 2520 850 2597 constabatsarmisabstinebant,
860 2522 911 2598 nisi
921 2523 1057 2587 lacessiti.

384 2595 537 2664 libertatis
547 2599 664 2665 modico
676 2618 705 2662 et
715 2601 813 2677 aequali
824 2623 896 2670 usu,
917 2603 1058 2680 principi-

385 2684 438 2743 bus
449 2679 614 2741 humiliores
624 2700 704 2756 pares
713 2681 849 2741 fecerunt.
858 2680 922 2742 Hos
932 2683 1062 2763 benigne-

385 2762 549 2827 allocutus‚
569 2758 603 2817 ad
622 2777 673 2818 eos
688 2757 823 2836 Scythas,
845 2761 892 2852 qui
909 2760 1058 2839 Europam

280 2856 282 2859 ’
320 2885 322 2890 .
385 2839 532 2916 incolunt,
545 2836 680 2897 Penidam
691 2840 842 2914 quemdam
852 2840 970 2900 mrsitex
981 2842 1058 2902 arni·

383 2919 448 3006 tis,
464 2918 513 3007 qui
523 2916 698 2983 denuntiaret
708 2918 816 3015 fibrae
826 2917 936 2987 Tanau
947 2940 1057 2991 omrem
