2625 4017
435 545 683 622 ‘tinen
719 549 832 618 vrrs
935 568 995 636 m

315 656 461 733 detnoque
470 674 601 716 sermone
611 653 773 735 degeneres.
785 651 896 734 Magno
908 648 995 733 igitur

320 734 427 817 gaudio
442 754 539 815 regem
555 734 829 811 excipiunt‚urbetn'
844 751 928 809 seque
943 732 996 793 de·

319 818 430 876 dentes.
447 813 500 875 llle
510 811 665 883 Milesios,
684 811 729 891 qui
749 808 820 892 apud
834 810 923 891 ipsum
938 808 993 871 mi-

320 892 465 965 litarent,
492 890 636 953 convocari
664 890 753 968 iube't.
778 890 869 955 Vetus
894 890 994 953 odiunt

321 972 429 1035 Milesii
439 974 574 1055 gerebant
588 972 617 1031 in
628 968 849 1037 Branchidarum
864 987 992 1051 gentem.

320 1051 443 1114 Proditis
458 1072 549 1133 ergo,
566 1051 627 1112 rive
642 1049 778 1130 injurie,
795 1048 856 1111 sive
873 1048 913 1109 ori
935 1047 994 1110 inis

320 1130 481 1193 meminisse
494 1128 632 1202 malleum
648 1129 762 1190 liberum
776 1126 810 1189 de
822 1127 916 1189 Branc
941 1125 995 1189 'dis

318 1211 457 1291 permittit
464 1209 616 1271 arbitrium.
629 1207 811 1273 Variantibus
818 1207 918 1270 deinde
927 1227 993 1269 sen·

319 1291 437 1365 tentiis3
457 1289 578 1371 seipsum
601 1285 838 1350 consideraturum
854 1285 925 1367 quod
942 1306 993 1427 op·

317 1369 418 1431 timum
431 1368 514 1447 factu
535 1385 609 1429 esset
618 1410 630 1439 ,
650 1368 781 1430 ostendit.
805 1367 925 1429 Postero
963 1366 992 1429 ie

321 1450 550 1519 occurrentibus,
561 1445 735 1509 Branchidae
745 1465 837 1506 secum
844 1440 992 1528 procedere

318 1528 410 1624 jubet.
428 1528 560 1607 Cumque
581 1528 616 1588 ad
634 1530 736 1590 urbem
753 1544 872 1589 ventum
892 1541 992 1600 esset3

318 1627 379 1685 ipse
406 1629 473 1669 cum
496 1606 629 1696 expedita
649 1627 736 1667 manu
756 1622 870 1683 portatu
893 1604 991 1666 intrat.

319 1686 450 1749 Phalanx
466 1704 567 1747 rnoenra
580 1683 671 1767 oppidi
685 1681 828 1746 circumire
844 1684 916 1762 jussa
932 1705 943 1757 ς
963 1697 992 1746 et

319 1765 384 1827 dato
395 1766 477 1848 signo
487 1763 606 1845 diripere
620 1762 712 1825 urbem
720 1760 886 1844 proditorum
896 1783 961 1825 rece
980 1788 993 1805 ·

318 1843 468 1915 taculum,
491 1843 617 1925 ipsosque
639 1842 676 1904 ad
700 1863 783 1903 unum
804 1840 953 1906 caedere.l
981 1840 990 1855 ⁰

317 1924 441 1987 inermes
451 1924 555 2002 passim
569 1924 764 1995 trucidantut3
780 1942 835 1985 nec
844 1938 894 1984 aut
903 1942 990 1984 cotn-

318 2006 428 2066 rnercio
444 2005 567 2087 linguae,
583 2023 632 2066 aut
647 2003 807 2083 supplicum
820 2000 991 2065 velamentis

317 2086 502 2164 precibusque
510 2082 631 2151 inhiberi
637 2084 786 2145 crudelitas
794 2100 897 2160 potest.
909 2082 991 2144 Tan·

317 2165 386 2224 dem
403 2180 435 2223 ut
452 2164 625 2236 dejicerent,
641 2162 823 2225 nidamenta
840 2168 991 2225 murorum

318 2244 356 2303 ab
366 2242 427 2301 imo
435 2243 610 2312 moliuntur,
622 2260 658 2301 ne
669 2240 744 2319 quod
754 2241 828 2302 urbis
836 2240 990 2321 vestigium

317 2337 440 2383 extaret.
466 2320 497 2379 N
498 2340 531 2380 ec
546 2341 629 2381 mota
642 2362 653 2392 ,
675 2322 754 2382 lucos
767 2339 880 2397 quoque
895 2340 990 2383 sacros

317 2421 380 2462 non
392 2397 502 2459 credunt
519 2400 633 2470 modo,
652 2399 698 2460 sed
713 2397 800 2459 etiam
820 2398 988 2477 extirpantr

317 2498 351 2543 ut
360 2497 437 2543 vasta
447 2476 570 2538 solitudo
580 2497 609 2539 et
617 2480 717 2540 sterilis
727 2476 849 2547 humus,
866 2480 990 2542 excussis

316 2560 407 2622 etiam
426 2557 591 2627 radicibus,
610 2559 795 2636 linqueretur.
818 2556 891 2636 Quae
913 2558 936 2619 si
957 2558 989 2619 in

315 2636 568 2719 ipsosptoditionis
575 2654 705 2699 auctores
712 2637 873 2719 excogitata
879 2656 989 2714 essent3

316 2720 391 2800 justa
402 2717 475 2779 ultio
489 2736 569 2789 esser
585 2738 645 2777 non
660 2717 808 2779 erudelitas
818 2717 959 2778 videretur
974 2738 984 2779 e

315 2819 395 2859 nunc
411 2798 526 2875 culpam
541 2796 685 2870 maiorum
702 2795 807 2875 posteri
820 2792 919 2865 luite,
937 2796 986 2875 qui

315 2896 355 2939 ne
370 2876 498 2940 viderant
512 2876 626 2953 quidem
643 2876 798 2945 Miletum,
812 2874 884 2936 adeo
894 2873 987 2939 Xerxi

313 2977 377 3028 ¹uon
394 2974 548 3039 potuerant
559 2956 691 3037 prodere.
706 2955 776 3022 Inde
792 2954 930 3039 processit
947 2953 991 3038 ed
