2625 4017
371 649 374 655 Ι
438 553 655 619 'LIBER
694 556 747 624 V.'
878 581 933 636 255

263 662 406 728 ucenae,
423 673 453 718 et
468 657 616 738 sagittariis
631 658 774 748 equitibus
788 677 939 737 etpraece⁴

262 743 327 824 pit;
350 755 382 797 ut
395 753 548 797 castrorum
562 757 654 817 specte
671 755 821 807 manente,
840 737 936 829 plures
1031 785 1035 789 .

263 820 297 881 de
309 814 452 879 industria
463 813 616 896 ignesfieri
629 815 764 897 imperet:
777 836 828 895 que
840 835 937 897 ,mages

262 895 374 962 basleti
391 893 555 966 crederent,
576 893 665 975 ipsunt
680 915 772 974 regem
787 894 818 955 in
834 895 937 958 testeis

262 996 338 1039 esse.
355 971 505 1045 Ceterum,
524 974 550 1034 si
558 971 635 1049 forte
652 974 855 1055 Ariobarzanes
868 995 937 1055 cog·

262 1055 408 1123 novisset,
418 1051 589 1133 pentallium
599 1051 741 1128 anfractus
751 1074 810 1113 eum
821 1052 937 1125 intrare,

263 1130 938 1213 etndoctupendumitersuumpartemeopiaruns

262 1228 402 1274 tentasset
418 1230 573 1291 opponese3
595 1207 727 1271 Craterus
739 1210 769 1272 in
783 1231 842 1271 eum
857 1211 938 1294 illato

263 1310 395 1360 terrore,
425 1289 556 1349 retineret
583 1288 620 1350 nd
647 1288 760 1370 propius
782 1290 938 1372 perieulum

263 1388 426 1437 consessum
444 1388 544 1449 agmen
563 1396 573 1430 .-
589 1367 636 1430 sin
647 1386 738 1429 antem
756 1368 816 1451 ipse
832 1368 939 1436 dessein

256 1446 437 1536 fefellisset,
454 1466 483 1507 et
494 1446 596 1508 saltum
606 1466 790 1530 occupasset;
809 1468 870 1509 cum
880 1468 939 1511 tre·

259 1526 420 1610 pidantium
432 1524 610 1589 barbarorum
623 1525 765 1589 tumultum
776 1527 939 1590 exaudisset

260 1606 487 1690 persequentium
503 1626 616 1686 regem,
637 1605 666 1666 id
685 1606 775 1683 ipsunt
791 1606 864 1676 iter,
885 1627 938 1685 pun

263 1685 356 1768 psidie
366 1684 440 1765 pulsi
449 1682 587 1760 fuerunt,
606 1707 642 1745 ne
658 1682 795 1743 dubitaret
807 1684 937 1764 ingredit

264 1765 364 1848 quippe
374 1762 574 1845 vnuumfore,
588 1762 712 1824 dostibus
724 1762 754 1822 in
765 1781 850 1824 senet
861 1782 940 1825 aven·

264 1842 322 1907 sit.
342 1844 406 1921 Ipse
421 1845 504 1904 tertia
519 1844 618 1926 vigilia
636 1842 729 1903 silenti
745 1843 884 1923 agmine,
903 1863 939 1914 an

265 1943 307 1985 ne
316 1926 382 1984 utba
398 1924 515 2001 quidem
529 1923 595 1985 dato
606 1924 710 2005 signo,
730 1922 821 2012 pergit
837 1924 870 1984 ad
883 1923 936 1985 de·

264 2019 457 2064 monstratum
474 2004 527 2063 iter
542 2002 670 2064 callium.
688 1999 790 2061 Tridui
806 1999 939 2068 alimenta

263 2099 375 2164 portare
393 2082 518 2142 militem
534 2083 651 2162 jusserat
667 2081 767 2141 leviter
785 2101 938 2151 armatum,

266 2161 324 2221 Sed
341 2180 441 2240 praeter
450 2161 541 2221 invias
553 2182 634 2240 rupes
650 2181 685 2220 ac
698 2178 832 2237 praerupta
848 2182 940 2231 saxa,

266 2240 421 2322 vestigium
432 2240 547 2300 subinde
557 2239 706 2308 fallentia,
728 2239 778 2302 nix
795 2242 939 2308 cumulata

267 2338 357 2392 vento
372 2320 560 2401 ingredientes
572 2320 729 2399 fatigabat:
743 2317 845 2396 quippe
860 2321 942 2383 velut
971 2386 974 2391 ,

268 2402 299 2472 in
316 2401 416 2462 foveas
433 2398 519 2459 delati
535 2398 736 2460 hauriebantur
753 2418 763 2470 3
789 2417 819 2458 ee
837 2417 904 2459 cum
914 2418 940 2474 -ς

268 2478 515 2563 eommilitonibus
524 2479 703 2547 levarentur,
720 2474 868 2537 trahebant
876 2497 941 2540 ma-

267 2560 311 2639 gis
333 2558 517 2635 adjuvantes,
537 2580 624 2635 quam
647 2558 845 2635 sequebantur.
866 2554 940 2628 Nox

269 2658 406 2720 quoque,
422 2639 475 2697 eti
516 2657 564 2706 ota
576 2636 677 2718 regio,
696 2657 731 2713 ae
746 2636 823 2709 duit,
842 2635 939 2698 incer-

268 2735 331 2777 tum
343 2738 379 2778 an
391 2717 455 2777 satis
486 2718 555 2787 dus,
570 2715 797 2793 multiplicabant
808 2733 940 2784 metum:

269 2796 295 2856 si
307 2793 435 2874 custodes
445 2793 602 2872 fefellisset
613 2815 626 2866 ;
637 2793 726 2874 ,quasi
736 2792 817 2870 ferus
834 2792 941 2856 bestias

269 2875 346 2955 ipsos
367 2895 448 2950 posse
468 2873 647 2955 deprehendi.
669 2870 720 2934 En
735 2873 817 2936 tinius
838 2871 941 2953 captiui

270 2951 406 3036 delfidi,
425 2951 470 3027 etl
479 2954 594 3027 aalma,
606 2952 726 3039 pendete
738 2970 765 3023 et
779 2950 853 3042 regis
864 2950 942 3028 selu,
