2625 4017
361 578 363 582 ’
422 563 614 629 LlB-Ell
652 563 778 629 Vlll.
875 572 932 643 '411

261 676 375 733 {trenue
386 663 497 729 Oxarte
510 707 519 735 ,
534 662 661 741 futurum
672 686 704 726 se
715 665 746 726 in
754 664 832 746 regis
838 683 938 747 potes·

264 763 324 808 tate
339 744 504 824 respondit3
521 765 610 806 unum
621 762 749 822 precatus
758 755 775 814 ,'
786 766 822 806 ne
836 744 937 807 volun-

263 844 352 887 tatem
361 842 388 885 et
398 822 542 883 consilium
553 823 716 884 matrissuae
722 822 870 905 prodent,
885 843 937 906 qur

256 903 381 982 futilius
391 901 474 964 venia
485 900 528 961 illi
539 921 640 982 quoque
652 902 855 983 impetraretur.
862 903 938 966 Pret-

265 984 385 1045 missum
396 982 481 1073 igitur
490 980 622 1042 Oxarten
637 1001 705 1042 curn
721 998 812 1043 matre
827 983 939 1045 liberis·

265 1074 322 1140 que
333 1079 361 1122 et
369 1078 456 1121 totrus
465 1060 644 1143 cognationis
673 1080 739 1142 rege
748 1064 936 1140 sequebatur,

264 1160 303 1201 ne
314 1157 477 1219 exspectato
494 1138 637 1217 quidemfi
656 1140 684 1201 ei
701 1140 844 1221 pignore,
860 1139 938 1219 quod

264 1220 391 1282 Oxartes
400 1218 578 1297 promiserat.
590 1218 654 1279 Rex
668 1220 761 1297 equite
773 1220 937 1299 premisso,

264 1298 315 1377 qui
326 1296 426 1359 reverti
440 1318 487 1359 eor
499 1297 624 1375 juberet,
635 1296 807 1379 opperirique
814 1317 943 1377 preser-

265 1377 335 1439 tiam
353 1376 464 1459 ipsius,
485 1376 667 1455 supervenit3
687 1392 716 1437 et
736 1376 860 1439 victimis
879 1379 940 1440 Mi·
1014 1401 1017 1406 ·

265 1476 359 1517 nervae
373 1477 409 1517 ac
417 1455 554 1518 Victoriae
565 1458 640 1517 cesis
653 1456 805 1533 imperium
817 1455 937 1534 Sysimi·

265 1535 322 1597 thri
337 1535 476 1607 restituit3
497 1558 508 1594 s
561 1534 675 1612 majoris
688 1534 772 1595 etiam
786 1535 939 1616 provincia

263 1616 360 1683 facta,
380 1613 407 1675 si
421 1634 481 1674 cunt
487 1554 551 1693 filet
563 1613 718 1674 amicitiam
728 1612 816 1694 ipsius
824 1614 936 1676 ‘coluis-

265 1711 321 1755 set.
332 1694 416 1754 Duos
424 1693 468 1753 illi
481 1692 596 1768 juvenes
606 1710 685 1771 patre
700 1693 827 1753 tradente
843 1689 940 1757 secent·

262 1770 433 1842 ,militaturos
443 1770 520 1848 sepul
531 1770 621 1850 jussit.
633 1771 745 1833 Relicta
755 1768 855 1833 deinde
866 1771 940 1851 phe·

265 1854 351 1931 lange
368 1850 402 1912 ad
413 1850 582 1929 subigendos
593 1891 604 1921 ,
616 1850 664 1929 qui
677 1849 858 1923 defecerant,
870 1871 939 1914 curn

264 1933 360 2009 equite
369 1930 515 2009 processit.
529 1929 659 1991 Arduum
670 1947 700 1998 et
710 1930 879 2009 impeditum
890 1953 939 2000 se.-

265 2013 310 2074 ris
328 2010 381 2070 iter
395 2010 490 2089 primo
504 2027 657 2087 utcumque
674 2010 844 2071 tolerabant.
862 2011 938 2072 Mox

266 2109 406 2168 equorum
425 2110 485 2149 non
502 2089 616 2169 ungulis
633 2088 723 2150 modo
742 2089 865 2163 attritis3
890 2087 941 2152 sed

265 2169 431 2246 corporibus
448 2168 535 2228 etiarn
552 2167 675 2249 fatigatis
689 2211 697 2236 .
719 2168 797 2246 requi
813 2168 941 2246 plerique

267 2269 328 2310 non
338 2265 489 2325 poterant,
509 2248 634 2308 etrurius
643 2246 760 2307 subinde
770 2247 940 2329 agmenfie·

266 2330 336 2397 bat,
355 2327 514 2406 pudorem,
531 2341 562 2385 ut
577 2326 637 2385 fere
647 2324 701 2394 fit,
719 2326 878 2386 immodico
891 2326 941 2385 la-

266 2411 338 2468 bore
355 2408 498 2467 vincente.
517 2404 581 2466 Rex
601 2420 698 2465 tamen
716 2403 832 2466 subinde
851 2423 941 2481 equor

267 2502 402 2555 mutans,
423 2486 482 2545 sine
494 2483 702 2544 intermissione
711 2482 852 2563 fugientes
862 2483 941 2546 inse*

266 2563 415 2645 quebatu‘r.
437 2563 559 2623 Nobiles
581 2562 698 2639 juvenes
716 2561 850 2622 comitari
871 2580 941 2624 eum

269 2643 347 2706 soliti
368 2643 526 2703 defecerant
542 2658 641 2719 praeter
659 2638 834 2719 Philippum.
857 2639 941 2719 lyri-
983 2711 990 2724 ‚

267 2720 364 2785 machi
381 2739 441 2783 erat
456 2721 561 2790 frater,
581 2739 643 2781 tum
658 2720 784 2799 primurn
801 2719 939 2792 adultus,
1015 2769 1018 2774 .

269 2815 299 2865 et
320 2802 396 2880 quod
418 2800 501 2861 facile
521 2817 667 2878 appareret
686 2798 789 2860 indolis
808 2819 887 2861 rare.
912 2799 941 2864 lt

268 2883 371 2964 pedes,
391 2880 555 2942 incredibile
566 2881 663 2951 dictu,
677 2899 728 2958 per
738 2877 860 2939 estadie
871 2891 958 2940 reci·

269 2980 436 3045 tumregem
444 2960 595 3027 comitatus
602 2976 644 3026 ,est
650 2979 738 3040 ;saepe
745 2977 940 3036 equumsuupr

653 3071 655 3075 ·
716 3055 841 3146 unii
