2625 4017
398 529 458 606 44⁸
580 522 915 604 Q.ct1n·r11

400 647 484 707 super
508 627 593 688 amici
616 648 718 705 corpus
743 626 897 703 procubuit
921 617 1080 702 exanimiri

400 707 486 778 Haud
500 729 577 768 secus
591 729 676 784 quam
692 726 743 783 pat
758 724 839 776 erat,
861 707 1080 784 promtissimos

400 810 464 850 tum
483 809 618 866 juvenum
631 803 847 862 ceterorumque
856 787 990 848 militum
1003 787 1078 848 inte·

400 870 456 929 ritu
474 887 636 928 commotus
652 886 701 926 rex
715 865 828 944 signum
843 867 976 944 receptui
990 867 1078 938 dedit,

402 948 576 1016 salutifer,
595 946 671 1022 quod
681 947 824 1015 se'nsimet
834 944 972 1024 intrepidi
982 965 1016 1007 se
1032 967 1077 1008 re-

401 1046 554 1107 ceperunt,
571 1045 599 1086 et
608 1026 718 1085 barbari
728 1025 840 1084 hostem
852 1025 999 1102 depulisse
1009 1047 1079 1086 con·

402 1109 493 1179 tenti,
508 1128 568 1167 non
590 1107 715 1166 institere
736 1104 910 1166 cedentibus.
937 1107 1077 1168 Ceterum

432 1189 566 1249 lexunder
578 1207 643 1245 cum
656 1183 796 1244 statuisset
811 1182 947 1244 desistere
962 1183 1077 1264 incepto

403 1269 530 1345 (quippe
544 1267 622 1326 nulia
643 1284 703 1340 spes
716 1261 857 1340 potiundae
871 1281 961 1342 pettae
978 1263 1078 1326 offere-

401 1351 483 1408 batur
493 1349 505 1416 )
517 1365 610 1422 tamen
620 1344 743 1420 speciem
752 1343 874 1402 ostendit
884 1346 915 1403 in
927 1345 1077 1405 obsidione

325 1431 336 1446 “
400 1425 613 1505 perseuerantis.
634 1424 712 1481 Nam
725 1439 752 1480 et
765 1421 867 1482 itinera
879 1421 1011 1486 obsideri
1024 1425 1077 1500 jue·

398 1509 457 1577 §itt
480 1520 506 1563 et
526 1516 613 1563 turres
624 1499 788 1573 admoveri;
810 1518 836 1560 et
847 1499 991 1581 fatigatis
1008 1501 1077 1562 alios

400 1582 557 1647 succedere.
575 1583 667 1660 Cujus
682 1580 836 1660 pertinacia
854 1583 999 1663 cognita,
1017 1579 1078 1642 indi

402 1688 452 1746 per
467 1659 583 1724 biduum
600 1662 714 1739 quidem
731 1683 765 1722 ae
777 1662 844 1720 duas
861 1679 989 1731 noctes,
1012 1683 1077 1724 cum

402 1746 592 1807 ostentatione
609 1763 666 1800 non
678 1741 785 1802 fiducie
795 1741 907 1810 modo,
926 1741 975 1802 ted
990 1743 1077 1804 etiam

401 1825 546 1890 victorin,
562 1823 669 1898 epulati
683 1839 745 1892 sunt
757 1843 766 1894 ς
780 1838 915 1898 tympana
928 1837 1078 1882 ruo-more

401 1907 553 1982 pulsantes.
570 1902 670 1960 Tertia
684 1921 752 1960 uero
766 1918 851 1962 nocte
869 1919 1076 1977 tympanorum
1098 1899 1102 1908 '

397 1984 514 2060 ¹quidem
533 1982 663 2059 strepitus
676 1981 794 2040 desierat
810 1980 901 2040 audiri
920 2002 929 2040 t
947 2000 1077 2042 ceterum

400 2083 438 2124 ex
456 2081 516 2123 totu
535 2080 612 2139 petra
631 2061 707 2120 feces
722 2059 919 2139 refulge-bam
936 2082 1009 2137 quas
1027 2080 1076 2120 ac·

400 2144 553 2204 tenderunt
564 2141 691 2210 barbuti,
703 2159 734 2200 ut
743 2140 833 2200 tutior
839 2139 989 2218 essetipsis
999 2142 1078 2220 fuges

403 2226 520 2283 obscura
537 2242 623 2282 necte
639 2238 690 2296 per
701 2219 777 2278 inuia
789 2240 855 2280 saxa
866 2221 1001 2292 cursuris.
1014 2221 1084 2280 Rex.

400 2303 542 2376 Balacro,
560 2302 606 2377 qui
618 2299 827 2377 specularetur,
844 2299 1013 2378 premisso,
1027 2321 1079 2359 co·

400 2383 512 2463 gnorcit
522 2378 702 2460 petrumfugn
713 2375 840 2437 Indorum
852 2398 915 2437 esse
922 2377 1080 2441 desertam.

337 2462 339 2466 ’
400 2464 481 2524 'I'um
502 2463 567 2521 dato
587 2460 689 2540 signo,
712 2477 742 2519 ut
761 2457 889 2526 universi
903 2460 1077 2519 conclama·

400 2564 485 2612 rent,
508 2539 698 2616 incomposite
713 2538 884 2617 fugientibus
900 2557 1016 2598 metum
1033 2539 1079 2596 in·

399 2622 496 2687 cussit.
515 2620 675 2694 Multique,
691 2636 827 2694 tanquam
843 2618 951 2677 adesset
965 2616 1079 2688 hostis,

400 2724 452 2784 per
463 2701 567 2760 lubrica
581 2721 668 2766 saxu,
686 2717 790 2776 perque
804 2698 894 2758 inuias
909 2715 992 2757 cotes
1010 2718 1081 2775 pre-

400 2780 509 2861 cipitati
522 2780 685 2840 ecciderunt
695 2802 703 2838 ε
714 2779 807 2854 plures
818 2777 912 2854 eliqua
927 2781 1082 2838 membro.-

399 2872 465 2932 rum
485 2879 567 2938 purte
590 2857 746 2928 mulctati,
777 2858 812 2916 ab
838 2855 955 2935 integris
974 2856 1084 2930 deserti

396 2959 476 3025 punt.
497 2940 561 3015 ,Rex
580 2939 713 3010 locorum
732 2935 823 3020 magis
840 2955 928 3016 quam
947 2933 1083 2998 hostium

954 3036 1057 3101 victor
1071 3073 1083 3106 ‚
