2625 4017
314 532 351 595 ss
416 532 444 586 1.
470 534 668 587 snt-:tutta
700 532 896 610 suintune.

317 622 341 673 si
353 621 393 689 qni
402 640 427 674 co
436 625 528 674 nomine
543 623 610 688 digni
618 636 692 677 sunt,
708 638 755 674 non
768 638 817 672 tam
826 623 937 691 gratiam
952 640 992 675 eo·

317 706 390 747 cnm,
403 708 472 754 cuam
482 690 618 740 utilitatem
633 703 703 753 atque
715 690 784 741 decus
796 692 820 740 in
833 691 936 741 oonsilio
948 690 993 739 bo-

317 756 383 809 bent·
398 758 447 819 Qui
462 757 536 806 aliter
544 756 603 817 fieti
612 771 714 812 censet,
729 772 798 819 quam
813 758 861 823 ipse
869 758 991 820 sactutus

317 838 388 879 crat,
406 840 453 873 non
467 824 570 873 instruit
584 825 760 880 consultorem,
775 825 815 875 sed
830 824 927 890 decipit.
945 824 991 874 Ca·

318 904 397 939 terum
406 906 434 941 ut
443 905 467 942 et
476 889 544 940 vobis
551 891 648 939 consilii
655 890 702 941 mei
711 892 775 941 ratio
781 906 991 957 pateat;-certum

316 957 406 1014 babeo,
422 957 484 1009 niltil
503 957 584 1006 minus
597 958 722 1007 convenire
738 957 806 1008 rebus
819 958 902 1014 meis,
918 972 992 1023 quam

317 1024 468 1075 dilationem.
491 1023 565 1073 Omni
584 1039 635 1087 quae
652 1025 717 1074 eicco
740 1024 907 1075 Macedoniam
929 1024 992 1075 colit

316 1089 428 1142 barbarie
434 1105 523 1157 pacata
530 1121 541 1147 ,=
548 1092 704 1155 extinctisque
714 1090 854 1157 Graeoorum
863 1090 970 1142 motibus
980 1124 989 1147 ,

314 1157 481 1221 fortissimum
490 1157 734 1222 florentissimamque
749 1159 881 1209 exercitum
898 1158 948 1209 otio
966 1172 992 1207 et

319 1225 411 1275 desidia
425 1224 501 1275 dilabi
512 1225 643 1291 patimur:
660 1240 691 1273 an
700 1225 780 1291 potius
793 1225 820 1275 in
835 1225 994 1292 opulentissi-

318 1307 373 1346 mas
386 1290 454 1344 Asin
465 1294 572 1357 regiones
580 1291 732 1349 inducimus,
742 1292 809 1347 :odim
822 1292 991 1360 possessionem

317 1363 414 1424 ejusspe
422 1361 581 1424 complexum,
592 1374 623 1413 ,et
629 1358 730 1424 praemio
741 1356 866 1417 labotum,
879 1375 937 1423 quos
948 1358 992 1410 aliu

315 1423 363 1478 cub
369 1439 439 1489 patre
448 1441 514 1482 meo,
530 1423 612 1475 deinde
625 1424 692 1482 nobis
709 1425 991 1491 imperantibustertium

314 1497 368 1555 jam
384 1507 472 1542 aonium
486 1492 616 1548 exhausit,
635 1509 664 1541 eoo
679 1494 808 1542 Pensatum
818 1491 906 1558 spoliis
922 1508 993 1557 expa-

318 1558 432 1608 tentem?
453 1558 553 1608 Novum
569 1559 645 1608 adhuc
661 1559 783 1624 imperium
800 1558 876 1609 Darii
888 1574 940 1613 stt,
965 1571 991 1609 tt

320 1625 447 1687 interfecto
462 1625 544 1693 Bogoa
553 1624 766 1689 ‚venius-beneficio
780 1641 884 1694 rogant,
901 1626 993 1676 crude·

319 1693 433 1743 iito'tiset
448 1693 634 1759 ingratitudinis
643 1694 798 1758 suspicionem
812 1692 873 1760 opud
883 1709 938 1744 suos
952 1693 992 1741 iu-

317 1760 419 1809 currit:
433 1776 485 1825 pua
499 1776 537 1810 tes
549 1760 652 1826 optimos
667 1776 747 1810 eorum
762 1762 802 1825 qui
813 1774 917 1827 parent,
936 1759 991 1810 odis

318 1826 435 1877 adversus
449 1827 590 1892 imperantes
606 1827 722 1891 implent.
744 1841 771 1877 et·
781 1828 811 1877 ad
828 1827 935 1889 obsequia
952 1842 991 1886 se·

317 1893 433 1959 gniorct,
449 1893 574 1943 autetiam
584 1893 728 1958 prasractot
737 1894 853 1944 reddunt.
866 1893 991 1958 Numquid

318 1959 464 2013 sedebimus,
481 1961 543 2010 *dum
559 1961 695 2010 auctoritas
710 1966 759 2024 ejus
773 1962 948 2022 confirmatum
964 1974 991 2011 ct

320 2025 464 2077 tebusdonti
476 2028 766 2093 perosiumcompositis,
782 2031 848 2079 ultro
857 2027 946 2079 bellum
963 2028 991 2077 in

319 2093 487 2144 Macedoniam
502 2094 636 2157 transferat
647 2094 658 2143 i
671 2096 761 2145 ,Multo
776 2095 907 2145 celeritatis
922 2111 991 2160 pra-

319 2160 453 2217 mintius,
469 2176 519 2225 pun
525 2160 594 2211 nobis
602 2159 753 2217 cessantibus
767 2163 897 2212 odilonem
909 2162 993 2228 perti·

321 2225 418 2277 nebunt.
429 2228 553 2293 :Magnum
567 2228 719 2293 in·ep‘usmodi
728 2229 832 2295 negotiis
846 2244 992 2280 montanorum

318 2308 406 2359 postte
416 2295 580 2360 trohitprinta
592 2296 727 2346 animorum
737 2297 862 2347 inclinatio
878 2315 886 2343 :
902 2312 930 2344 at
946 2297 994 2347 itta

321 2377 409 2426 stntptr
421 2362 550 2426 occupanti
562 2377 650 2427 parata
667 2375 712 2411 est.
729 2361 815 2429 Quippe
833 2380 898 2413 neoto
916 2379 992 2411 cunc-

321 2442 403 2486 canter
418 2429 506 2494 oppetit
517 2429 635 2491 fortioris
650 2429 760 2495 gratiam
780 2448 787 2476 :
804 2447 877 2496 porro
892 2430 991 2492 sortior

320 2495 438 2551 babetur,
457 2497 496 2559 qui
518 2496 592 2559 infert
613 2494 719 2552 bellum,
736 2511 807 2560 quam
826 2498 867 2560 pui
888 2496 990 2562 exeipit·

320 2561 418 2623 Quanto
431 2578 511 2612 outcm
525 2562 709 2613 existimationis
724 2562 926 2629 nostrnpcriculo
934 2563 993 2625 fad·

321 2629 396 2681 demus
406 2646 467 2695 spem
481 2647 579 2686 eornm,
591 2630 637 2693 -qui
652 2628 841 2682 adolescentibus
855 2629 922 2681 nobis
937 2646 992 2682 eum

320 2695 431 2747 bonorem
451 2696 600 2759 deferendum
613 2697 805 2760 judicantium
824 2711 890 2761 quem
912 2697 993 2746 moesi·

321 2778 374 2812 mus
383 2763 526 2828 imperator,
540 2779 609 2828 pater
623 2779 768 2829 meus,.post
782 2779 818 2815 tot
832 2763 937 2812 virtutis
952 2779 995 2813 tx·

318 2828 450 2895 parimento
460 2833 532 2894 paulo
546 2845 599 2881 onte
609 2828 702 2879 obitum
711 2829 837 2883 obtinuit?
856 2830 913 2879 Non
927 2830 992 2882 enim

320 2894 371 2946 ideo
386 2894 526 2952 Graecorum
540 2897 667 2947 concilium
683 2897 806 2963 imperium
824 2896 891 2947 nobis
907 2896 992 2947 decre-

320 2961 377 3017 uit,
388 2975 423 3014 ,ut
437 2963 463 3014 in
473 2962 737 3023 Macedoniodesicles,
753 2981 775 3016 ct
791 2964 888 3032 ignavis
902 2966 992 3080 volipp·

756 3054 760 3059 ⁴
897 3043 946 3079 tatt
963 3046 993 3081 ut
