2625 4017
472 594 667 662 LIBER
705 593 747 661 V.
889 595 947 679 ‘2'63

272 694 354 763 inm
364 695 439 778 ipsos
453 697 577 763 victores
588 698 664 760 ferro
675 698 860 759 dimicabatur
870 718 881 772 ;
896 717 952 777 pro

274 777 362 841 hoste
381 795 461 849 erat,
477 778 526 858 qui
544 777 742 860 pretiosiorem
763 793 956 855 occupaverat

275 860 422 942 predam:
437 875 546 920 etcum
561 860 681 931 omnia,
698 880 759 937 quae
773 858 953 936 reperieban-

274 957 342 1018 tur,
362 957 463 1018 capere
478 958 536 998 non
547 956 679 1016 possent3
697 938 756 1017 jam
765 958 808 998 res
817 957 877 998 non
895 957 950 1000 oc·

274 1022 471 1098 cupiebantur,
488 1018 534 1078 sed
548 1018 766 1080 aestimabantur.
776 1016 954 1079 Lacerabant

275 1094 370 1180 'regias
379 1114 488 1169 vestes,
507 1097 542 1157 ad
553 1118 581 1157 se
591 1098 708 1175 quisque
719 1113 828 1174 partem
836 1095 953 1157 trahen-

275 1195 321 1239 res
331 1199 341 1238 r
352 1177 474 1238 dolabris
483 1175 616 1256 'pretiosae
630 1178 696 1237 artis
709 1197 776 1239 vasa
789 1175 955 1238 caedebantr

276 1255 351 1319 nibil
368 1275 459 1336 neque
475 1257 614 1317 intactum
630 1274 716 1326 erat,
740 1276 793 1317 nec
809 1255 953 1337 integrunt

276 1338 440 1411 ferebatur3
460 1339 577 1414 abrupta
599 1335 835 1397 simulachrorum
856 1356 952 1400 menr-

276 1420 327 1479 bra
339 1459 350 1486 ,
364 1433 396 1477 ut
404 1416 525 1495 'quisque
534 1416 687 1486 avelleret,
697 1415 835 1476 trahebar.
847 1414 952 1493 Neque
1002 1451 1009 1464 ·

275 1495 396 1560 avaritia
421 1497 538 1567 solum,
563 1494 720 1557 sedetiam
747 1493 897 1555 crudelitas
919 1494 952 1554 in

276 1594 359 1655 capta
378 1578 447 1637 urbe
462 1594 586 1657 grassata
605 1592 669 1638 est:
685 1594 755 1636 auro
773 1589 950 1658 argentoque

274 1654 373 1718 'onusti
391 1654 459 1718 vilia
481 1654 661 1733 captivorum
683 1671 803 1731 corpora
825 1651 951 1720 trucida,-

274 1738 365 1812 bant3
381 1734 540 1814 passimque
563 1733 641 1796 obvii
664 1732 860 1803 caedebantur,
878 1751 952 1809 quor

275 1833 360 1876 antea
369 1814 492 1893 pretium
502 1813 543 1875 sui
553 1812 727 1874 miserabiles
733 1812 849 1875 fecerat.
863 1810 951 1874 Multi

278 1915 350 1978 ergo
363 1891 489 1954 hostium
502 1913 602 1955 manus
616 1891 777 1955 voluntaria
793 1910 886 1953 morte
901 1911 955 1953 oc·

275 1990 472 2054 cupaverunt3
487 1972 689 2050 pretiosissima
702 1973 823 2037 vestium
840 1971 951 2043 induti,
976 2031 977 2035 ,

275 2074 295 2116 e
310 2054 398 2115 muris
413 2054 580 2131 semetipsos
593 2074 661 2114 cum
678 2053 846 2135 conjugibus
861 2072 895 2113 ac
910 2051 951 2113 li-

278 2133 353 2196 beris
368 2134 398 2194 in
411 2153 535 2212 praeceps
550 2133 694 2195 'actames
708 2132 835 2210 Quidam
848 2134 930 2213 ignes
936 2159 951 2202 z,

275 2213 354 2293 quod
369 2213 457 2293 paulo
467 2154 662 2293 posrdcturus
678 2209 765 2272 hostis
780 2210 951 2281 videbatur,

275 2295 453 2371 subiecerant
465 2293 586 2363 aedssaus,
609 2309 641 2354 ut
657 2313 724 2351 cum
741 2291 795 2352 suis
808 2287 868 2353 vivi
884 2290 950 2352 crei-

271 2373 432 2436 merentur.
447 2371 580 2434 Tandem
591 2369 652 2432 ruis
664 2390 714 2431 rex
725 2367 903 2451 corporibus,
923 2384 952 2430 et

276 2449 545 2530 rudruflfemirrrrum
571 2447 710 2511 abstinere
734 2449 821 2529 jussit.
847 2448 953 2532 Ingens

275 2533 402 2610 pecuniae
415 2532 533 2610 eaptivae
546 2529 648 2590 modus
664 2529 798 2599 traditur,
815 2549 905 2608 prope
919 2545 954 2592 ut

276 2611 364 2673 fidem
378 2611 506 2672 excedat.
519 2609 656 2671 Ceterum
669 2651 679 2678 ,
698 2609 792 2669 aurde
805 2607 867 2669 aliis
876 2630 951 2688 quo-

275 2712 331 2769 que
344 2690 522 2764 dubitamus;
536 2708 585 2752 aut
595 2689 751 2760 credimus,
766 2690 796 2749 in
808 2687 890 2771 hujus
900 2708 951 2752 ur-

273 2772 317 2831 bis
334 2791 405 2851 gaza
420 2770 502 2831 fuisse
521 2792 537 2830 c
553 2786 584 2829 et
604 2787 645 2829 xx
661 2768 752 2829 millia
773 2769 878 2830 talenta
892 2792 901 2830 r
915 2767 953 2834 ΔΗ

273 2871 335 2928 quae
345 2848 473 2913 vehenda
485 2853 631 2928 (namque
642 2849 678 2910 ad
692 2869 758 2909 usus
769 2847 839 2908 belli
852 2847 951 2910 secitur

271 2945 389 3069 ppprare
404 2929 592 3002 decreverat)
606 2928 733 3009 jumenta
751 2943 779 2987 et
796 2923 952 2989 camelos'n

331 3007 358 3069 is
370 3026 397 3070 er
408 3006 549 3082 Babylone
559 3006 687 3071 contradi
696 3007 786 3089 jussit.
798 3003 952 3071 Accessere
