<?xml version="1.0" encoding="UTF-8"?>
<!DOCTYPE html PUBLIC "-//W3C//DTD XHTML 1.0 Transitional//EN"
    "http://www.w3.org/TR/xhtml1/DTD/xhtml1-transitional.dtd">
<html xmlns="http://www.w3.org/1999/xhtml" xml:lang="en" lang="en">
 <head>
  <title>
</title>
<meta http-equiv="Content-Type" content="text/html;charset=utf-8" />
  <meta name='ocr-system' content='tesseract 3.04.00' />
  <meta name='ocr-capabilities' content='ocr_page ocr_carea ocr_par ocr_line ocrx_word'/>
</head>
<body>
  <div class='ocr_page' id='page_1' title='image "./qcurtiirufidere00rufugoog_0422.png"; bbox 0 0 2625 4017; ppageno 0'>
   <div class='ocr_carea' id='block_1_1' title="bbox 433 539 952 629">
    <p class='ocr_par' dir='ltr' id='par_1_1' title="bbox 433 539 952 629">
     <span class='ocr_line' id='line_1_1' title="bbox 433 539 952 629; baseline 0 -21"><span class='ocrx_word' id='word_1_1' title='bbox 433 539 628 622; x_wconf 74' lang='lat' dir='ltr'>nisan</span> <span class='ocrx_word' id='word_1_2' title='bbox 666 544 773 611; x_wconf 75' lang='lat' dir='ltr'>vra</span> <span class='ocrx_word' id='word_1_3' title='bbox 878 553 952 629; x_wconf 50' lang='lat'>393,</span> 
     </span>
    </p>
   </div>
   <div class='ocr_carea' id='block_1_2' title="bbox 250 644 959 2924">
    <p class='ocr_par' dir='ltr' id='par_1_2' title="bbox 250 644 959 2924">
     <span class='ocr_line' id='line_1_2' title="bbox 250 644 953 723; baseline -0.004 -12"><span class='ocrx_word' id='word_1_4' title='bbox 250 645 392 721; x_wconf 74' lang='lat' dir='ltr'>&#39;reiict03</span> <span class='ocrx_word' id='word_1_5' title='bbox 422 650 521 708; x_wconf 90' lang='lat' dir='ltr'>Bactra</span> <span class='ocrx_word' id='word_1_6' title='bbox 551 645 690 723; x_wconf 88' lang='lat' dir='ltr'>pervenit.</span> <span class='ocrx_word' id='word_1_7' title='bbox 721 647 790 707; x_wconf 89' lang='lat' dir='ltr'>Inde</span> <span class='ocrx_word' id='word_1_8' title='bbox 820 644 953 708; x_wconf 80' lang='lat' dir='ltr'>Bessum·-</span> 
     </span>
     <span class='ocr_line' id='line_1_3' title="bbox 263 722 952 805; baseline -0.016 -16"><span class='ocrx_word' id='word_1_9' title='bbox 263 727 410 789; x_wconf 82' lang='lat' dir='ltr'>Ecdatanu</span> <span class='ocrx_word' id='word_1_10' title='bbox 421 726 483 786; x_wconf 82' lang='lat' dir='ltr'>duci</span> <span class='ocrx_word' id='word_1_11' title='bbox 503 727 598 802; x_wconf 75' lang='lat' dir='ltr'>iussit,</span> <span class='ocrx_word' id='word_1_12' title='bbox 622 722 768 800; x_wconf 83' lang='lat' dir='ltr'>interfecto</span> <span class='ocrx_word' id='word_1_13' title='bbox 780 726 868 785; x_wconf 82' lang='lat' dir='ltr'>Dario</span> <span class='ocrx_word' id='word_1_14' title='bbox 879 746 952 805; x_wconf 79' lang='lat' dir='ltr'>pae·.</span> 
     </span>
     <span class='ocr_line' id='line_1_4' title="bbox 264 803 937 886; baseline 0 -19"><span class='ocrx_word' id='word_1_15' title='bbox 264 829 317 868; x_wconf 86' lang='lat' dir='ltr'>nas</span> <span class='ocrx_word' id='word_1_16' title='bbox 328 805 417 886; x_wconf 84' lang='lat' dir='ltr'>capite</span> <span class='ocrx_word' id='word_1_17' title='bbox 426 803 637 885; x_wconf 79' lang='lat' dir='ltr'>persoluturum.</span> <span class='ocrx_word' id='word_1_18' title='bbox 654 806 756 865; x_wconf 90' lang='lat' dir='ltr'>lisdem</span> <span class='ocrx_word' id='word_1_19' title='bbox 766 805 824 866; x_wconf 84' lang='lat' dir='ltr'>fere</span> <span class='ocrx_word' id='word_1_20' title='bbox 840 806 937 867; x_wconf 79' lang='lat' dir='ltr'>diebus</span> 
     </span>
     <span class='ocr_line' id='line_1_5' title="bbox 265 884 950 960; baseline -0.001 -14"><span class='ocrx_word' id='word_1_21' title='bbox 265 887 438 947; x_wconf 77' lang='lat' dir='ltr'>Ptolemaeus</span> <span class='ocrx_word' id='word_1_22' title='bbox 448 904 478 944; x_wconf 90' lang='lat' dir='ltr'>et</span> <span class='ocrx_word' id='word_1_23' title='bbox 488 884 616 944; x_wconf 82' lang='lat' dir='ltr'>Menidas</span> <span class='ocrx_word' id='word_1_24' title='bbox 626 885 752 960; x_wconf 87' lang='lat' dir='ltr'>peditum</span> <span class='ocrx_word' id='word_1_25' title='bbox 763 885 814 944; x_wconf 88' lang='lat' dir='ltr'>tria</span> <span class='ocrx_word' id='word_1_26' title='bbox 824 884 916 945; x_wconf 85' lang='lat' dir='ltr'>millia</span> <span class='ocrx_word' id='word_1_27' title='bbox 923 913 950 954; x_wconf 49' lang='lat' dir='ltr'>‚r</span> 
     </span>
     <span class='ocr_line' id='line_1_6' title="bbox 265 963 951 1042; baseline 0 -16"><span class='ocrx_word' id='word_1_28' title='bbox 265 986 295 1027; x_wconf 91' lang='lat' dir='ltr'>et</span> <span class='ocrx_word' id='word_1_29' title='bbox 308 967 416 1042; x_wconf 82' lang='lat' dir='ltr'>equites</span> <span class='ocrx_word' id='word_1_30' title='bbox 433 966 515 1023; x_wconf 82' lang='lat' dir='ltr'>mille</span> <span class='ocrx_word' id='word_1_31' title='bbox 524 964 698 1024; x_wconf 86' lang='lat' dir='ltr'>adduxerunt</span> <span class='ocrx_word' id='word_1_32' title='bbox 713 965 842 1025; x_wconf 81' lang='lat' dir='ltr'>mercede</span> <span class='ocrx_word' id='word_1_33' title='bbox 858 963 951 1026; x_wconf 81' lang='lat' dir='ltr'>mili-r</span> 
     </span>
     <span class='ocr_line' id='line_1_7' title="bbox 265 1041 952 1121; baseline -0.006 -17"><span class='ocrx_word' id='word_1_34' title='bbox 265 1060 384 1104; x_wconf 85' lang='lat' dir='ltr'>taturos.</span> <span class='ocrx_word' id='word_1_35' title='bbox 405 1043 568 1104; x_wconf 82' lang='lat' dir='ltr'>Alexander</span> <span class='ocrx_word' id='word_1_36' title='bbox 581 1063 694 1119; x_wconf 88' lang='lat' dir='ltr'>quoque</span> <span class='ocrx_word' id='word_1_37' title='bbox 713 1062 749 1102; x_wconf 88' lang='lat' dir='ltr'>ex</span> <span class='ocrx_word' id='word_1_38' title='bbox 764 1041 851 1121; x_wconf 88' lang='lat' dir='ltr'>Lycia</span> <span class='ocrx_word' id='word_1_39' title='bbox 869 1062 952 1103; x_wconf 89' lang='lat' dir='ltr'>cum.-</span> 
     </span>
     <span class='ocr_line' id='line_1_8' title="bbox 263 1122 949 1201; baseline 0.001 -19"><span class='ocrx_word' id='word_1_40' title='bbox 263 1123 328 1201; x_wconf 88' lang='lat' dir='ltr'>pari</span> <span class='ocrx_word' id='word_1_41' title='bbox 339 1140 459 1184; x_wconf 90' lang='lat' dir='ltr'>numero</span> <span class='ocrx_word' id='word_1_42' title='bbox 469 1122 613 1198; x_wconf 88' lang='lat' dir='ltr'>peditum,</span> <span class='ocrx_word' id='word_1_43' title='bbox 627 1139 655 1180; x_wconf 89' lang='lat' dir='ltr'>er</span> <span class='ocrx_word' id='word_1_44' title='bbox 667 1142 687 1181; x_wconf 86' lang='lat' dir='ltr'>n</span> <span class='ocrx_word' id='word_1_45' title='bbox 698 1122 836 1197; x_wconf 86' lang='lat' dir='ltr'>equitibus</span> <span class='ocrx_word' id='word_1_46' title='bbox 845 1122 949 1186; x_wconf 62' lang='lat' dir='ltr'>uenio·</span> 
     </span>
     <span class='ocr_line' id='line_1_9' title="bbox 265 1200 950 1278; baseline -0.004 -15"><span class='ocrx_word' id='word_1_47' title='bbox 265 1203 404 1263; x_wconf 84' lang='lat' dir='ltr'>Totidem</span> <span class='ocrx_word' id='word_1_48' title='bbox 414 1223 430 1262; x_wconf 86' lang='lat' dir='ltr'>e</span> <span class='ocrx_word' id='word_1_49' title='bbox 440 1201 518 1278; x_wconf 84' lang='lat' dir='ltr'>Syria</span> <span class='ocrx_word' id='word_1_50' title='bbox 530 1200 769 1277; x_wconf 88' lang='lat' dir='ltr'>Asclepiodomm</span> <span class='ocrx_word' id='word_1_51' title='bbox 778 1203 950 1278; x_wconf 74' lang='lat' dir='ltr'>sequebar-z</span> 
     </span>
     <span class='ocr_line' id='line_1_10' title="bbox 264 1278 952 1359; baseline -0.004 -17"><span class='ocrx_word' id='word_1_52' title='bbox 264 1301 310 1342; x_wconf 91' lang='lat' dir='ltr'>tur</span> <span class='ocrx_word' id='word_1_53' title='bbox 322 1305 331 1341; x_wconf 81' lang='lat' dir='ltr'>r</span> <span class='ocrx_word' id='word_1_54' title='bbox 345 1282 494 1359; x_wconf 83' lang='lat' dir='ltr'>Antipater</span> <span class='ocrx_word' id='word_1_55' title='bbox 504 1278 674 1339; x_wconf 80' lang='lat' dir='ltr'>Graecomm</span> <span class='ocrx_word' id='word_1_56' title='bbox 684 1281 890 1350; x_wconf 85' lang='lat' dir='ltr'>v111millia,</span> <span class='ocrx_word' id='word_1_57' title='bbox 904 1280 952 1342; x_wconf 83' lang='lat' dir='ltr'>in,-</span> 
     </span>
     <span class='ocr_line' id='line_1_11' title="bbox 263 1358 935 1438; baseline 0.001 -18"><span class='ocrx_word' id='word_1_58' title='bbox 263 1361 363 1438; x_wconf 87' lang='lat' dir='ltr'>quibus</span> <span class='ocrx_word' id='word_1_59' title='bbox 388 1383 407 1420; x_wconf 89' lang='lat' dir='ltr'>u</span> <span class='ocrx_word' id='word_1_60' title='bbox 432 1360 537 1436; x_wconf 82' lang='lat' dir='ltr'>equites</span> <span class='ocrx_word' id='word_1_61' title='bbox 561 1377 663 1428; x_wconf 83' lang='lat' dir='ltr'>etant,</span> <span class='ocrx_word' id='word_1_62' title='bbox 688 1358 811 1420; x_wconf 89' lang='lat' dir='ltr'>miserat.</span> <span class='ocrx_word' id='word_1_63' title='bbox 837 1359 935 1437; x_wconf 81' lang='lat' dir='ltr'>Itaque</span> 
     </span>
     <span class='ocr_line' id='line_1_12' title="bbox 264 1438 937 1514; baseline 0.001 -15"><span class='ocrx_word' id='word_1_64' title='bbox 264 1441 389 1499; x_wconf 85' lang='lat' dir='ltr'>exercitu</span> <span class='ocrx_word' id='word_1_65' title='bbox 412 1458 525 1512; x_wconf 77' lang='lat' dir='ltr'>aucto,</span> <span class='ocrx_word' id='word_1_66' title='bbox 551 1439 585 1498; x_wconf 84' lang='lat' dir='ltr'>ad</span> <span class='ocrx_word' id='word_1_67' title='bbox 608 1457 667 1505; x_wconf 85' lang='lat' dir='ltr'>ea,</span> <span class='ocrx_word' id='word_1_68' title='bbox 693 1459 754 1514; x_wconf 85' lang='lat' dir='ltr'>quae</span> <span class='ocrx_word' id='word_1_69' title='bbox 777 1438 937 1503; x_wconf 75' lang='lat' dir='ltr'>defectione</span> 
     </span>
     <span class='ocr_line' id='line_1_13' title="bbox 263 1516 948 1595; baseline -0.001 -16"><span class='ocrx_word' id='word_1_70' title='bbox 263 1522 374 1579; x_wconf 86' lang='lat' dir='ltr'>turbata</span> <span class='ocrx_word' id='word_1_71' title='bbox 387 1536 486 1584; x_wconf 80' lang='lat' dir='ltr'>erant,</span> <span class='ocrx_word' id='word_1_72' title='bbox 507 1517 705 1595; x_wconf 89' lang='lat' dir='ltr'>componenda</span> <span class='ocrx_word' id='word_1_73' title='bbox 719 1516 853 1595; x_wconf 84' lang='lat' dir='ltr'>processit</span> <span class='ocrx_word' id='word_1_74' title='bbox 864 1539 874 1590; x_wconf 83' lang='lat'>3</span> <span class='ocrx_word' id='word_1_75' title='bbox 887 1519 948 1578; x_wconf 87' lang='lat' dir='ltr'>in··</span> 
     </span>
     <span class='ocr_line' id='line_1_14' title="bbox 263 1597 949 1674; baseline -0.003 -15"><span class='ocrx_word' id='word_1_76' title='bbox 263 1598 440 1674; x_wconf 76' lang='lat' dir='ltr'>terfectitque</span> <span class='ocrx_word' id='word_1_77' title='bbox 471 1597 706 1657; x_wconf 78' lang='lat' dir='ltr'>consternationis</span> <span class='ocrx_word' id='word_1_78' title='bbox 724 1598 902 1657; x_wconf 72' lang='lat' dir='ltr'>auctoribus</span> <span class='ocrx_word' id='word_1_79' title='bbox 922 1625 949 1667; x_wconf 86' lang='lat'>,·</span> 
     </span>
     <span class='ocr_line' id='line_1_15' title="bbox 262 1675 948 1755; baseline 0.004 -18"><span class='ocrx_word' id='word_1_80' title='bbox 262 1695 363 1755; x_wconf 89' lang='lat' dir='ltr'>quarto</span> <span class='ocrx_word' id='word_1_81' title='bbox 373 1678 418 1737; x_wconf 90' lang='lat' dir='ltr'>die</span> <span class='ocrx_word' id='word_1_82' title='bbox 429 1677 463 1735; x_wconf 93' lang='lat' dir='ltr'>ad</span> <span class='ocrx_word' id='word_1_83' title='bbox 474 1675 579 1736; x_wconf 87' lang='lat' dir='ltr'>flumen</span> <span class='ocrx_word' id='word_1_84' title='bbox 589 1675 691 1735; x_wconf 86' lang='lat' dir='ltr'>Oxum</span> <span class='ocrx_word' id='word_1_85' title='bbox 701 1693 867 1751; x_wconf 84' lang='lat' dir='ltr'>perventum</span> <span class='ocrx_word' id='word_1_86' title='bbox 879 1692 948 1740; x_wconf 86' lang='lat' dir='ltr'>est.·</span> 
     </span>
     <span class='ocr_line' id='line_1_16' title="bbox 262 1754 947 1833; baseline -0.007 -16"><span class='ocrx_word' id='word_1_87' title='bbox 262 1756 323 1817; x_wconf 89' lang='lat' dir='ltr'>Hic</span> <span class='ocrx_word' id='word_1_88' title='bbox 336 1756 400 1833; x_wconf 90' lang='lat' dir='ltr'>quia</span> <span class='ocrx_word' id='word_1_89' title='bbox 414 1756 516 1816; x_wconf 85' lang='lat' dir='ltr'>limum</span> <span class='ocrx_word' id='word_1_90' title='bbox 533 1754 631 1822; x_wconf 86' lang='lat' dir='ltr'>vehit,</span> <span class='ocrx_word' id='word_1_91' title='bbox 648 1754 770 1815; x_wconf 87' lang='lat' dir='ltr'>turbidus</span> <span class='ocrx_word' id='word_1_92' title='bbox 783 1776 893 1833; x_wconf 85' lang='lat' dir='ltr'>semper</span> <span class='ocrx_word' id='word_1_93' title='bbox 906 1770 947 1817; x_wconf 53' lang='lat' dir='ltr'>ets</span> 
     </span>
     <span class='ocr_line' id='line_1_17' title="bbox 262 1834 949 1912; baseline 0 -16"><span class='ocrx_word' id='word_1_94' title='bbox 262 1836 411 1896; x_wconf 90' lang='lat' dir='ltr'>insalubris</span> <span class='ocrx_word' id='word_1_95' title='bbox 435 1854 475 1894; x_wconf 86' lang='lat' dir='ltr'>cst</span> <span class='ocrx_word' id='word_1_96' title='bbox 494 1851 575 1912; x_wconf 90' lang='lat' dir='ltr'>potu.</span> <span class='ocrx_word' id='word_1_97' title='bbox 599 1834 698 1910; x_wconf 88' lang='lat' dir='ltr'>Itaque</span> <span class='ocrx_word' id='word_1_98' title='bbox 722 1852 823 1911; x_wconf 89' lang='lat' dir='ltr'>puteos</span> <span class='ocrx_word' id='word_1_99' title='bbox 851 1835 949 1899; x_wconf 65' lang='lat' dir='ltr'>miles»</span> 
     </span>
     <span class='ocr_line' id='line_1_18' title="bbox 262 1912 935 1992; baseline 0.001 -18"><span class='ocrx_word' id='word_1_100' title='bbox 262 1932 387 1992; x_wconf 67' lang='lat' dir='ltr'>eruperat</span> <span class='ocrx_word' id='word_1_101' title='bbox 413 1914 521 1975; x_wconf 88' lang='lat' dir='ltr'>fodere.</span> <span class='ocrx_word' id='word_1_102' title='bbox 545 1912 610 1973; x_wconf 90' lang='lat' dir='ltr'>Nec</span> <span class='ocrx_word' id='word_1_103' title='bbox 631 1933 729 1973; x_wconf 88' lang='lat' dir='ltr'>tamen</span> <span class='ocrx_word' id='word_1_104' title='bbox 756 1914 846 1975; x_wconf 91' lang='lat' dir='ltr'>humo</span> <span class='ocrx_word' id='word_1_105' title='bbox 876 1916 935 1976; x_wconf 77' lang='lat' dir='ltr'>alte</span> 
     </span>
     <span class='ocr_line' id='line_1_19' title="bbox 263 1993 936 2074; baseline 0.001 -20"><span class='ocrx_word' id='word_1_106' title='bbox 263 2012 356 2074; x_wconf 83' lang='lat' dir='ltr'>egesta</span> <span class='ocrx_word' id='word_1_107' title='bbox 374 1994 509 2055; x_wconf 79' lang='lat' dir='ltr'>existebat</span> <span class='ocrx_word' id='word_1_108' title='bbox 525 1993 651 2065; x_wconf 81' lang='lat' dir='ltr'>humor3</span> <span class='ocrx_word' id='word_1_109' title='bbox 677 2014 744 2054; x_wconf 90' lang='lat' dir='ltr'>cum</span> <span class='ocrx_word' id='word_1_110' title='bbox 761 1994 789 2053; x_wconf 91' lang='lat' dir='ltr'>in</span> <span class='ocrx_word' id='word_1_111' title='bbox 808 1995 869 2073; x_wconf 90' lang='lat' dir='ltr'>ipso</span> <span class='ocrx_word' id='word_1_112' title='bbox 886 2013 936 2055; x_wconf 83' lang='lat' dir='ltr'>ta·</span> 
     </span>
     <span class='ocr_line' id='line_1_20' title="bbox 262 2072 934 2163; baseline 0.006 -31"><span class='ocrx_word' id='word_1_113' title='bbox 262 2074 417 2133; x_wconf 89' lang='lat' dir='ltr'>bernaculo</span> <span class='ocrx_word' id='word_1_114' title='bbox 429 2073 501 2153; x_wconf 87' lang='lat' dir='ltr'>regis</span> <span class='ocrx_word' id='word_1_115' title='bbox 512 2090 677 2147; x_wconf 84' lang='lat' dir='ltr'>conspectus</span> <span class='ocrx_word' id='word_1_116' title='bbox 690 2091 731 2133; x_wconf 87' lang='lat' dir='ltr'>esr</span> <span class='ocrx_word' id='word_1_117' title='bbox 742 2072 806 2133; x_wconf 87' lang='lat' dir='ltr'>fons</span> <span class='ocrx_word' id='word_1_118' title='bbox 818 2113 827 2143; x_wconf 91' lang='lat'>‚</span> <span class='ocrx_word' id='word_1_119' title='bbox 846 2094 934 2163; x_wconf 82' lang='lat' dir='ltr'>quem</span> 
     </span>
     <span class='ocr_line' id='line_1_21' title="bbox 260 2149 945 2227; baseline 0.001 -16"><span class='ocrx_word' id='word_1_120' title='bbox 260 2153 328 2227; x_wconf 85' lang='lat' dir='ltr'>quia</span> <span class='ocrx_word' id='word_1_121' title='bbox 355 2152 432 2212; x_wconf 89' lang='lat' dir='ltr'>tarde</span> <span class='ocrx_word' id='word_1_122' title='bbox 458 2168 646 2219; x_wconf 87' lang='lat' dir='ltr'>notaverant,</span> <span class='ocrx_word' id='word_1_123' title='bbox 676 2149 767 2212; x_wconf 81' lang='lat' dir='ltr'>subito</span> <span class='ocrx_word' id='word_1_124' title='bbox 800 2151 945 2212; x_wconf 71' lang='lat' dir='ltr'>extitisse·</span> 
     </span>
     <span class='ocr_line' id='line_1_22' title="bbox 261 2229 935 2306; baseline 0.007 -18"><span class='ocrx_word' id='word_1_125' title='bbox 261 2232 415 2290; x_wconf 86' lang='lat' dir='ltr'>finxerunt.</span> <span class='ocrx_word' id='word_1_126' title='bbox 434 2229 619 2306; x_wconf 85' lang='lat' dir='ltr'>Rexqueipse</span> <span class='ocrx_word' id='word_1_127' title='bbox 636 2229 710 2290; x_wconf 89' lang='lat' dir='ltr'>credi</span> <span class='ocrx_word' id='word_1_128' title='bbox 723 2231 816 2292; x_wconf 88' lang='lat' dir='ltr'>voluit</span> <span class='ocrx_word' id='word_1_129' title='bbox 834 2229 935 2293; x_wconf 80' lang='lat' dir='ltr'>donum</span> 
     </span>
     <span class='ocr_line' id='line_1_23' title="bbox 258 2305 933 2383; baseline 0.003 -15"><span class='ocrx_word' id='word_1_130' title='bbox 258 2307 318 2368; x_wconf 87' lang='lat' dir='ltr'>Dei</span> <span class='ocrx_word' id='word_1_131' title='bbox 339 2305 369 2365; x_wconf 83' lang='lat' dir='ltr'>id</span> <span class='ocrx_word' id='word_1_132' title='bbox 384 2306 489 2383; x_wconf 85' lang='lat' dir='ltr'>fuisse.</span> <span class='ocrx_word' id='word_1_133' title='bbox 519 2308 660 2383; x_wconf 87' lang='lat' dir='ltr'>Superatis</span> <span class='ocrx_word' id='word_1_134' title='bbox 681 2308 780 2369; x_wconf 88' lang='lat' dir='ltr'>deinde</span> <span class='ocrx_word' id='word_1_135' title='bbox 801 2310 933 2371; x_wconf 81' lang='lat' dir='ltr'>amnibus</span> 
     </span>
     <span class='ocr_line' id='line_1_24' title="bbox 262 2384 947 2466; baseline 0 -17"><span class='ocrx_word' id='word_1_136' title='bbox 262 2386 351 2449; x_wconf 90' lang='lat' dir='ltr'>Ocho</span> <span class='ocrx_word' id='word_1_137' title='bbox 362 2406 390 2448; x_wconf 89' lang='lat' dir='ltr'>et</span> <span class='ocrx_word' id='word_1_138' title='bbox 403 2386 490 2454; x_wconf 88' lang='lat' dir='ltr'>Oxo,</span> <span class='ocrx_word' id='word_1_139' title='bbox 509 2387 544 2446; x_wconf 86' lang='lat' dir='ltr'>ad</span> <span class='ocrx_word' id='word_1_140' title='bbox 560 2388 658 2446; x_wconf 88' lang='lat' dir='ltr'>urbem</span> <span class='ocrx_word' id='word_1_141' title='bbox 674 2384 849 2466; x_wconf 84' lang='lat' dir='ltr'>Marginiam</span> <span class='ocrx_word' id='word_1_142' title='bbox 866 2408 947 2465; x_wconf 82' lang='lat' dir='ltr'>per--</span> 
     </span>
     <span class='ocr_line' id='line_1_25' title="bbox 260 2466 935 2544; baseline 0.001 -17"><span class='ocrx_word' id='word_1_143' title='bbox 260 2469 352 2530; x_wconf 88' lang='lat' dir='ltr'>venit.</span> <span class='ocrx_word' id='word_1_144' title='bbox 381 2466 465 2526; x_wconf 88' lang='lat' dir='ltr'>Circa</span> <span class='ocrx_word' id='word_1_145' title='bbox 491 2487 556 2526; x_wconf 91' lang='lat' dir='ltr'>eam</span> <span class='ocrx_word' id='word_1_146' title='bbox 581 2485 621 2526; x_wconf 92' lang='lat' dir='ltr'>v1</span> <span class='ocrx_word' id='word_1_147' title='bbox 648 2466 757 2544; x_wconf 89' lang='lat' dir='ltr'>oppidis</span> <span class='ocrx_word' id='word_1_148' title='bbox 780 2466 935 2534; x_wconf 78' lang='lat' dir='ltr'>condendis</span> 
     </span>
     <span class='ocr_line' id='line_1_26' title="bbox 260 2544 948 2621; baseline 0 -14"><span class='ocrx_word' id='word_1_149' title='bbox 260 2549 351 2607; x_wconf 88' lang='lat' dir='ltr'>electa</span> <span class='ocrx_word' id='word_1_150' title='bbox 370 2547 448 2605; x_wconf 87' lang='lat' dir='ltr'>sedes</span> <span class='ocrx_word' id='word_1_151' title='bbox 464 2564 515 2606; x_wconf 90' lang='lat' dir='ltr'>est.</span> <span class='ocrx_word' id='word_1_152' title='bbox 528 2546 597 2605; x_wconf 88' lang='lat' dir='ltr'>Duo</span> <span class='ocrx_word' id='word_1_153' title='bbox 613 2544 648 2604; x_wconf 93' lang='lat' dir='ltr'>ad</span> <span class='ocrx_word' id='word_1_154' title='bbox 662 2545 813 2605; x_wconf 86' lang='lat' dir='ltr'>Meridiem</span> <span class='ocrx_word' id='word_1_155' title='bbox 825 2566 905 2607; x_wconf 82' lang='lat' dir='ltr'>versa</span> <span class='ocrx_word' id='word_1_156' title='bbox 919 2567 948 2621; x_wconf 66' lang='grc' dir='ltr'>ς·</span> 
     </span>
     <span class='ocr_line' id='line_1_27' title="bbox 260 2622 934 2703; baseline 0.001 -18"><span class='ocrx_word' id='word_1_157' title='bbox 260 2646 383 2703; x_wconf 84' lang='lat' dir='ltr'>quatuor</span> <span class='ocrx_word' id='word_1_158' title='bbox 395 2625 547 2703; x_wconf 85' lang='lat' dir='ltr'>spectantia</span> <span class='ocrx_word' id='word_1_159' title='bbox 561 2622 713 2684; x_wconf 88' lang='lat' dir='ltr'>Orientem</span> <span class='ocrx_word' id='word_1_160' title='bbox 726 2644 735 2696; x_wconf 82' lang='lat'>3</span> <span class='ocrx_word' id='word_1_161' title='bbox 752 2625 873 2686; x_wconf 89' lang='lat' dir='ltr'>modicis</span> <span class='ocrx_word' id='word_1_162' title='bbox 885 2626 934 2686; x_wconf 88' lang='lat' dir='ltr'>in-</span> 
     </span>
     <span class='ocr_line' id='line_1_28' title="bbox 261 2704 946 2783; baseline 0.003 -19"><span class='ocrx_word' id='word_1_163' title='bbox 261 2724 305 2765; x_wconf 89' lang='lat' dir='ltr'>ter</span> <span class='ocrx_word' id='word_1_164' title='bbox 316 2724 344 2764; x_wconf 88' lang='lat' dir='ltr'>se</span> <span class='ocrx_word' id='word_1_165' title='bbox 361 2704 455 2779; x_wconf 88' lang='lat' dir='ltr'>spatiis</span> <span class='ocrx_word' id='word_1_166' title='bbox 470 2704 626 2774; x_wconf 80' lang='lat' dir='ltr'>distabant3</span> <span class='ocrx_word' id='word_1_167' title='bbox 642 2724 678 2763; x_wconf 89' lang='lat' dir='ltr'>ne</span> <span class='ocrx_word' id='word_1_168' title='bbox 691 2704 946 2783; x_wconf 84' lang='lat' dir='ltr'>proculrepeten·.</span> 
     </span>
     <span class='ocr_line' id='line_1_29' title="bbox 260 2782 947 2845; baseline 0 -1"><span class='ocrx_word' id='word_1_169' title='bbox 260 2784 329 2844; x_wconf 86' lang='lat' dir='ltr'>dum</span> <span class='ocrx_word' id='word_1_170' title='bbox 347 2802 418 2844; x_wconf 88' lang='lat' dir='ltr'>esset</span> <span class='ocrx_word' id='word_1_171' title='bbox 437 2802 567 2842; x_wconf 90' lang='lat' dir='ltr'>mutuum</span> <span class='ocrx_word' id='word_1_172' title='bbox 587 2784 739 2844; x_wconf 84' lang='lat' dir='ltr'>auxilium.</span> <span class='ocrx_word' id='word_1_173' title='bbox 752 2782 822 2843; x_wconf 77' lang='lat' dir='ltr'>Hac</span> <span class='ocrx_word' id='word_1_174' title='bbox 833 2784 947 2845; x_wconf 71' lang='lat' dir='ltr'>omnis.</span> 
     </span>
     <span class='ocr_line' id='line_1_30' title="bbox 259 2862 959 2924; baseline -0.004 -1"><span class='ocrx_word' id='word_1_175' title='bbox 259 2865 312 2923; x_wconf 90' lang='lat' dir='ltr'>sita</span> <span class='ocrx_word' id='word_1_176' title='bbox 324 2863 429 2923; x_wconf 87' lang='lat' dir='ltr'>suntin</span> <span class='ocrx_word' id='word_1_177' title='bbox 441 2862 520 2922; x_wconf 90' lang='lat' dir='ltr'>editis</span> <span class='ocrx_word' id='word_1_178' title='bbox 534 2862 675 2923; x_wconf 88' lang='lat' dir='ltr'>collibus:</span> <span class='ocrx_word' id='word_1_179' title='bbox 688 2879 749 2924; x_wconf 89' lang='lat' dir='ltr'>tum</span> <span class='ocrx_word' id='word_1_180' title='bbox 761 2864 840 2923; x_wconf 91' lang='lat' dir='ltr'>velut</span> <span class='ocrx_word' id='word_1_181' title='bbox 858 2862 959 2924; x_wconf 69' lang='lat' dir='ltr'>frenis·-</span> 
     </span>
    </p>
   </div>
   <div class='ocr_carea' id='block_1_3' title="bbox 259 2941 944 3028">
    <p class='ocr_par' dir='ltr' id='par_1_3' title="bbox 259 2941 944 3028">
     <span class='ocr_line' id='line_1_31' title="bbox 259 2941 944 3028; baseline 0 -24"><span class='ocrx_word' id='word_1_182' title='bbox 259 2943 434 3014; x_wconf 82' lang='lat' dir='ltr'>domitarum</span> <span class='ocrx_word' id='word_1_183' title='bbox 455 2941 609 3028; x_wconf 82' lang='lat' dir='ltr'>gentium3</span> <span class='ocrx_word' id='word_1_184' title='bbox 636 2962 714 3005; x_wconf 87' lang='lat' dir='ltr'>nunc</span> <span class='ocrx_word' id='word_1_185' title='bbox 739 2941 944 3024; x_wconf 67' lang='lat' dir='ltr'>originissuoes</span> 
     </span>
    </p>
   </div>
   <div class='ocr_carea' id='block_1_4' title="bbox 0 0 1318 4017">
    <p class='ocr_par' dir='ltr' id='par_1_4' title="bbox 0 0 1318 4017">
     <span class='ocr_line' id='line_1_32' title="bbox 0 0 1318 4017; baseline 0 1"><span class='ocrx_word' id='word_1_186' title='bbox 0 0 1318 4017; x_wconf 95' lang='lat' dir='ltr'> </span> 
     </span>
    </p>
   </div>
  </div>
 </body>
</html>
