2625 4017
413 505 534 569 ruo
570 463 894 564 conrintini.
961 523 993 572 4,

273 645 276 651 .
318 599 461 679 liecateum
475 612 501 646 et
514 595 700 647 Parmenionem
716 598 824 647 sustulit.
838 598 904 647 Er''
887 615 918 648 us
930 616 994 664 qnos

321 666 345 717 io
364 666 448 731 Philip
451 665 475 731 pi
494 681 579 715 necem
591 663 744 713 consensisse
757 681 791 714 ιιι·
787 683 863 715 ιιοι.
857 670 991 732 arguebat,

320 751 395 785 anum
409 733 581 783 Alexandnnn
592 732 733 810 Lyncestem
749 733 840 782 exemit
848 735 990 812 supplicio,

320 802 409 867 quod'
401 797 534 864 imperium
548 798 690 863 suscipienti
683 798 832 856 adfuisset,
849 799 991 879 primusque

320 887 399 937 regem
414 870 563 920 salutassett
581 882 677 917 ceteros
690 866 794 919 oceidit.
810 872 844 918 Ει
857 869 991 920 severitus

318 954 386 986 sunm
395 934 525 985 salutem
518 949 544 982 ιιι
558 931 670 984 vindicta
681 934 790 999 Philippi
807 935 894 985 muniri
907 939 991 987 crede·

319 1005 379 1060 batt
394 1001 470 1053 simul
485 1000 580 1051 aboleri
596 1004 700 1057 famam,
713 1019 760 1064 qus
780 1017 808 1052 ut
822 1003 934 1055 conscius
948 1022 989 1067 pa·

318 1087 391 1121 ternae
399 1069 474 1121 caedis
482 1068 620 1119 notabatur.
632 1068 744 1118 erebra
738 1083 801 1118 mter
809 1083 853 1118 eos
861 1071 990 1120 discordie

294 1161 298 1169 ·
317 1138 392 1189 fidem
408 1134 547 1201 suspicioni
562 1139 695 1192 fecerant·
719 1150 745 1184 et
762 1150 874 1199 questum
892 1137 990 1197 injurias
1036 1131 1040 1139 ’

318 1205 463 1255 Pausaniam
473 1206 503 1253 ad
515 1201 609 1252 facinus
618 1202 773 1251 confirmasse
780 1203 917 1253 serebatur:
933 1221 991 1267 pro·

318 1274 371 1323 lato
389 1290 420 1324 ex
432 1269 564 1338 Tragoedia
579 1270 712 1327 carmine,
731 1286 781 1333 quo
798 1271 883 1319 Medea
896 1275 991 1338 pariter

314 1342 399 1408 pellici
414 1358 487 1397 suae,
504 1339 589 1419 patique
606 1354 656 1390 eam
673 1339 698 1386 in
711 1338 892 1389 matrimonium
906 1338 991 1391 Jusoui

319 1408 480 1463 tradidisset,
496 1422 519 1456 et
532 1406 911 1469 cujusiumanumcouverusset
927 1408 992 1464 idem¹

318 1476 420 1526 esitium
435 1472 584 1523 minabatur.
605 1470 721 1520 Verum
713 1486 767 1535 rpse
781 1487 837 1521 curn
856 1471 987 1537 aliquando

318 1539 390 1590 Darii
404 1540 519 1605 epistola·
534 1539 710 1601 responderet,
730 1536 873 1588 invidiam
865 1555 890 1588 ιιι
904 1541 989 1590 Persas

318 1611 449 1658 transferre
465 1619 569 1657 conatus
583 1620 637 1661 est3
652 1608 752 1657 illorum
766 1625 825 1657 auro
837 1625 988 1683 percussores
1009 1604 1012 1608 ⁴

319 1678 429 1744 Philippo
445 1689 595 1749 completuros
604 1673 693 1737 fuisse
707 1675 823 1739 Quo-que
839 1672 918 1739 magis
932 1691 988 1723 om

317 1757 372 1792 nem
396 1743 476 1807 culpe
492 1741 658 1804 suspicionem
674 1756 835 1805 extergeret,
852 1756 990 1804 postremo

317 1828 341 1861 ιι
343 1826 375 1861 ιε
388 1825 504 1874 tempore
512 1806 668 1883 magnifieum
675 1806 794 1871 Philippo
801 1809 920 1872 templum
931 1825 990 1859 ets

316 1893 397 1929 eruere
411 1876 590 1942 cogitaverat.
606 1873 649 1933 id,
666 1874 730 1924 inter
740 1875 807 1925 alia
800 1891 825 1924 ιιι
835 1891 990 1927 commenta-

317 1945 361 1996 riis
376 1962 428 2006 eius
437 1959 552 2006 reperta
569 1957 722 1991 successores
735 1944 876 2006 neglexere

350 2017 422 2064 Cau.
439 2014 485 2061 Xl.
501 2012 564 2060 Cum
578 2024 659 2058 nutem
674 2010 705 2057 ad
714 2009 862 2072 perficienda
872 2026 923 2075 quoa
936 2009 990 2059 nni

315 2096 358 2130 sno
373 2078 503 2144 agitabat,
522 2075 652 2143 maximum
668 2074 739 2125 ineo
754 2093 905 2126 momentum
920 2078 987 2141 posi·

316 2162 368 2197 nun
380 2146 556 2202 arbitraretur,
572 2139 599 2194 ut
609 2142 709 2193 Grtecre
716 2160 899 2208 principatum
914 2161 988 2209 quens

316 2212 449 2277 Philippus
459 2225 660 2290 comparaverat,
676 2212 810 2262 retineret·
804 2245 811 2269 ,
820 2210 909 2275 raptim
919 2229 990 2261 eter-

318 2281 367 2332 titu
390 2282 469 2330 ducto
483 2278 654 2329 Thessaliam'
647 2279 798 2343 improvisus
814 2278 913 2341 irrupit.
932 2286 991 2329 Sus-

317 2350 427 2399 tulerant
440 2346 536 2395 animos
544 2347 820 2410 Thessalorumquidam
831 2382 839 2403 ,
857 2346 991 2395 etinsessis

317 2418 347 2466 ad
361 2421 458 2478 Tempe
475 2412 593 2479 angustiis
608 2412 655 2462 iter
671 2430 700 2462 ex
717 2412 863 2462 Macedonia
878 2410 991 2461 venienti.

317 2484 496 2533 occludebant.
511 2480 656 2545 Quippeeas
664 2479 777 2545 regiones
787 2482 908 2545 Olympus
915 2495 988 2543 atque

318 2555 381 2601 Ossa
390 2547 509 2601 celebrati
518 2564 614 2598 montes
622 2548 741 2597 dirimunt
750 2565 757 2596 t
767 2564 810 2609 per
818 2563 920 2611 quorum
928 2562 990 2595 con-

290 2623 294 2630 '
317 2620 398 2669 valles
409 2619 504 2668 Peneus
518 2615 594 2664 amnis
604 2614 711 2670 labitur,
724 2614 784 2663 mira
794 2612 933 2663 amoenitate
948 2632 990 2663 so·

318 2686 408 2736 lemnia
425 2683 508 2750 gentis
524 2682 641 2732 sacrificia
656 2681 766 2730 meritus.
783 2680 853 2730 Latis
866 2681 989 2746 utrimque

318 2752 461 2803 nemoribus
479 2751 637 2800 obumbratus
652 2749 764 2806 incedit,
787 2750 914 2813 multoque
931 2768 987 2800 cum

317 2820 417 2871 fremitu
434 2818 532 2875 ruenti,
550 2834 579 2867 ex
592 2816 682 2868 vicinis
698 2815 822 2867 arboribus
836 2817 990 2868 avicularum

317 2888 424 2965 garritus
440 2885 574 2950 obstrepit.
590 2886 703 2950 Angusta
722 2885 807 2936 semita
823 2901 866 2947 per
882 2884 994 2948 quinque

316 2958 368 3009 stre
382 2954 466 3007 millia
477 2970 591 3020 pastuum
600 2950 776 3019 protenditur,
795 2952 839 3004 uix
849 2968 939 3012 onusto
948 2953 996 3018 juv·¹
