2625 4017
319 617 327 638 ,
402 581 467 658 552'2'
586 572 630 657 Q.
670 574 911 639 CURTH

403 700 466 741 non
489 677 701 740 contumaciam
723 680 856 751 obstare;
882 695 1003 738 mensas
1024 676 1087 740 totis

403 747 508 819 castris
518 756 584 837 poni
596 758 695 835 jussit,
712 775 739 816 et
754 755 847 817 decem
862 754 960 817 millia
971 755 1087 818 talento·

402 857 465 899 rum
475 834 606 918 proferri.
623 837 704 897 Tum
718 837 833 896 demum
850 834 1006 897 fidefacta
1024 859 1086 916 pro·

403 917 469 976 sessi
487 934 570 986 sunt3
589 936 642 975 nec
664 916 785 993 amplius
806 935 842 975 cx
862 930 947 977 tanta
965 918 1085 994 pecunia

404 1012 613 1073 quamcentum
623 1014 652 1054 ct
662 996 775 1076 triginta
784 996 893 1054 talenta
907 996 1086 1073 superfuere.

403 1076 489 1135 Adeo
503 1075 553 1135 ille
562 1076 721 1143 exercitus,
739 1091 783 1134 rot
794 1073 1005 1135 dirissimarum
1017 1097 1086 1157 gen-

405 1153 479 1214 tium
495 1155 609 1221 uictor,
630 1156 693 1232 plus
708 1170 805 1213 tamen
819 1152 952 1213 victoriae
969 1194 980 1224 ‚
1001 1177 1086 1232 quam

403 1234 502 1310 praedae
515 1233 675 1311 deportavit
688 1252 724 1293 ex
736 1232 817 1292 Asia.
827 1231 973 1294 Ceterum
988 1253 1020 1294 ut
1034 1257 1086 1296 co·

403 1313 517 1393 gnitum
527 1329 587 1379 est,
603 1310 676 1372 alios
686 1310 791 1372 remitti
803 1308 933 1378 domurn,
953 1311 1029 1373 alios
1043 1334 1086 1374 re·
1106 1336 1107 1339 ¹

403 1389 489 1449 sineri
497 1410 509 1461 ;
519 1408 685 1469 perpetuam
694 1411 761 1450 eum
771 1389 850 1470 tegni
861 1391 964 1451 sedem
974 1394 1007 1452 in
1016 1394 1083 1453 Asia

403 1468 566 1530 habiturum
577 1469 629 1528 rati
644 1512 654 1538 ‚
670 1469 803 1531 uecordes
813 1486 842 1528 et
852 1469 1016 1547 disciplinae
1028 1473 1084 1531 mi·

402 1548 493 1617 litatis
500 1543 703 1618 immemores,
716 1549 851 1609 seditiosis
859 1551 987 1611 vocibus
996 1569 1084 1612 castra

402 1628 575 1704 complent,
596 1647 748 1707 regemque
765 1628 888 1688 ferocius
903 1648 997 1705 quam
1018 1633 1085 1691 aliar

403 1708 520 1775 adorti,
541 1728 640 1767 omnes
655 1708 739 1766 simul
756 1705 918 1767 missionem
935 1712 1085 1785 postulare

403 1805 570 1863 coeperunt3
589 1786 728 1846 deformia
740 1807 789 1845 ora
801 1786 986 1853 cicatricibus
1000 1829 1012 1857 ‚
1034 1811 1083 1849 ca·

402 1863 559 1941 nitiem'due
583 1866 708 1942 capitum
734 1883 917 1928 ostentantes.
945 1867 1015 1929 Nec
1037 1884 1084 1929 aut

401 1944 598 2020 praefectorum
615 1944 823 2023 castigatione,
841 1963 891 2004 aut
908 1948 1084 2007 verecundia

400 2025 476 2104 regis
486 2022 628 2092 deterriti,
649 2024 827 2083 tumultuoso
840 2024 975 2085 clamore
988 2044 1018 2086 et
1028 2027 1084 2086 mi-

399 2101 477 2161 litari
489 2102 627 2163 violentia
638 2103 784 2163 volentem
795 2101 874 2178 loqui
889 2102 1083 2176 inhibebant;

399 2182 496 2259 palam
514 2182 632 2260 professi
647 2200 779 2259 nusquam
794 2180 882 2250 inde,
900 2181 962 2241 niti
981 2183 1014 2243 in
1028 2206 1081 2266 pa·

346 2270 348 2276 '
399 2260 483 2319 triam
499 2260 648 2339 uestigium
664 2280 725 2319 erse
740 2278 871 2321 moturos.
887 2261 1030 2324 Tandem
1044 2264 1083 2324 si·

398 2339 490 2400 lentio
508 2341 604 2408 facto,
623 2340 713 2420 magis
729 2340 793 2416 quia
808 2356 923 2399 motum
940 2362 1007 2403 esse
1024 2364 1084 2418 cte·

397 2420 524 2489 debant,
546 2439 632 2497 quam
648 2420 712 2495 quia
730 2420 782 2498 ipsi
790 2419 905 2480 moveri
920 2440 1083 2496 poterant;

397 2497 534 2573 quidnam
546 2517 657 2558 acturus
668 2516 757 2566 esset,
773 2500 991 2574 exspectabant.
1005 2503 1060 2563 Ille
1073 2540 1084 2571 ‚

397 2575 464 2654 quid
479 2574 557 2646 iaec,
576 2577 685 2654 inquit,
703 2597 801 2657 repent
818 2580 1037 2650 consternatio,
1055 2597 1082 2641 et

397 2670 455 2713 tom
465 2675 569 2734 procax
580 2673 661 2734 atque
672 2652 760 2734 efflata
775 2654 888 2715 licentia
903 2655 1083 2721 denuntiati

398 2732 486 2811 eloqui
495 2735 577 2795 timeo
585 2778 596 2805 ,
610 2732 1082 2815 palamcerterupistis-imperiuaa,

397 2830 426 2871 et
441 2815 565 2891 precario
584 2834 634 2873 rex
649 2833 729 2882 sum,
755 2814 799 2873 cui
817 2834 869 2873 non
888 2811 1080 2891 alloquendi,

395 2911 450 2950 non
461 2892 591 2952 noscendi
604 2891 801 2970 monendique,
819 2909 866 2952 aut
882 2890 1020 2954 intuendi
1031 2916 1082 2957 uos

392 2970 441 3045 jus
451 2969 613 3046 reliquistis.
628 2969 763 3051 Equidem
775 2992 834 3031 curn
846 2968 919 3030 aiios
929 2969 1082 3034 dimittere

392 3046 555 3129 inpertiam
564 3071 579 3128 ,·
596 3049 670 3116 aiios
686 3070 789 3115 mecam
796 3048 956 3134 paulopost
972 3051 1080 3139 depos:
