2625 4017
309 544 374 618 tn
494 531 538 614 Q.
576 503 828 596 constr

311 637 343 699 in
359 635 429 696 istos
445 632 570 695 humeros
587 650 673 703 ruot;
698 630 831 693 homines
851 648 926 693 certe
943 641 994 695 not
1032 679 1037 710 s

304 714 414 795 ferent.
433 712 518 775 Nilsil
529 711 591 772 dieo
608 710 642 770 de
656 709 848 771 nobilioribus
861 732 941 791 quarn
953 712 994 774 liic
1031 731 1037 792 ᾖ

313 812 382 861 est,
405 790 455 853 sed
473 790 508 851 de
527 789 599 852 viris
617 806 754 860 cuncum;
778 791 883 869 quibus
900 791 995 851 inuitis
1030 793 1037 828 ¹

313 870 385 934 niltil
393 871 496 952 perpeti
509 890 623 929 necesse
635 885 690 931 est.
703 866 771 932 Nec
785 890 858 931 uero
871 869 993 939 interest,

313 948 448 1014 Roxanes
458 946 579 1026 filiurn,
598 945 761 1025 quandoque
775 948 899 1028 genitus
917 949 992 1015 erit.
1017 979 1020 984 ·

315 1051 352 1098 nn
362 1026 520 1089 Perdiccan
532 1046 621 1105 regern
631 1024 761 1090 iubentis
774 1048 789 1098 ;
811 1047 876 1086 curn
888 1024 993 1088 iscesul

314 1107 408 1172 tutelae
423 1106 515 1187 specie
530 1124 645 1183 regnum
662 1123 854 1182 occupaturus
873 1105 923 1170 sit.
941 1103 993 1168 lto.-

315 1207 367 1268 que
388 1206 465 1245 necno
481 1184 507 1248 ei
525 1204 575 1244 rest
591 1182 707 1262 placet,
734 1183 796 1243 nisi
814 1186 865 1261 qui
883 1184 992 1245 nondun

316 1284 398 1332 natus
412 1281 453 1323 est
467 1291 474 1320 :
488 1281 516 1322 et
525 1261 555 1321 in
573 1280 650 1321 tontu
663 1259 993 1337 omniurnfestinotione,
1030 1333 1034 1340 Ι

316 1365 371 1405 non
391 1344 469 1422 justu
490 1339 589 1410 inodo,
618 1337 669 1399 secl
692 1340 782 1400 etiarn
804 1341 992 1410 necessaria,

318 1441 433 1499 exactos
443 1440 551 1481 nenses
562 1418 637 1479 solus
650 1437 825 1498 exspectat,
848 1438 879 1481 et
889 1423 947 1499 jorn
957 1417 993 1478 dis

317 1501 397 1568 uinut
413 1518 512 1559 rnoretn
523 1514 778 1572 esse'conceptunt,
796 1520 882 1577 quern
894 1498 993 1562 rotdu-

227 1586 229 1591 '
319 1578 417 1648 bituris
426 1595 551 1658 puratum
563 1596 624 1636 esse
634 1573 679 1635 uel
689 1575 828 1641 subdere.
837 1576 873 1637 Si
884 1576 994 1638 melius·

309 1657 402 1738 fidius
420 1655 581 1722 Alexander
601 1653 671 1714 hunc
690 1653 774 1714 nobis
787 1676 887 1734 regern
903 1672 993 1737 prose

318 1737 496 1816 reliquisset,
515 1734 546 1800 il
560 1732 648 1794 solunt
660 1754 696 1793 ex
708 1732 748 1792 iis
757 1774 770 1804 ,
789 1755 857 1813 quoe
873 1735 994 1815 imperas·

318 1834 386 1888 set,
410 1835 463 1875 non
477 1811 640 1888 faciendum
660 1831 722 1871 esse
742 1833 903 1878 censerem.
925 1809 993 1892 Quin

319 1895 407 1975 igitur
417 1892 453 1954 atl
463 1890 635 1972 diripiendos
646 1888 794 1952 tliesouros
810 1891 993 1961 discurritis?

320 1973 415 2045 iurum
431 1971 504 2036 enirn
521 1990 598 2050 opum
615 1968 757 2049 regiorum
775 1971 876 2049 utique
888 1968 994 2052 populus

319 2071 364 2114 est
377 2050 466 2116 teres.
480 2050 551 2110 Haec
562 2052 690 2110 elocutus
703 2069 754 2125 per
772 2051 891 2110 medios
907 2070 994 2111 acma-

320 2151 366 2194 toa
377 2130 490 2208 erupit,
509 2148 538 2189 et
551 2129 598 2205 qui
614 2129 728 2189 abeunti
741 2130 823 2187 viam
843 2131 994 2196 dederant,

320 2213 413 2291 ipsum
424 2210 456 2271 ad
468 2208 680 2288 pronuntiatam
696 2209 823 2285 praedam
842 2212 996 2287 sequelam.-

319 2311 376 2356 cur.

360 2367 449 2430 Cur.
471 2364 552 2428 vll.
573 2366 695 2442 Jamque
717 2381 905 2426 armatorum
928 2366 996 2426 circa

322 2448 502 2527 Meleagrum
518 2444 646 2521 frequens
660 2444 762 2523 globus
777 2464 864 2513 erat,
883 2447 914 2505 in
929 2444 997 2505 sedi-

320 2530 431 2591 tionem
441 2545 476 2585 uc
484 2523 652 2586 discordiam
661 2541 739 2588 versa
749 2525 922 2595 concione,
936 2544 997 2583 cum

321 2607 437 2700 puidam
455 2604 594 2681 plerisque
612 2602 808 2664 Macedonum
826 2602 949 2681 ignotus
965 2621 999 2662 ex

279 2687 284 2696 '
321 2686 420 2751 utfima
433 2684 535 2761 plebe,
554 2676 633 2759 Quitl
651 2701 716 2761 opus
732 2697 795 2746 est,
811 2679 934 2758 inquit,
955 2700 998 2741 ot·

321 2765 400 2831 mis,
425 2759 556 2836 civilique
582 2757 652 2833 bello
680 2756 846 2818 lnbentibus
874 2779 1001 2839 regern,

321 2863 398 2924 quern
411 2838 561 2919 queritis?
577 2836 707 2899 Asinaeus
720 2834 851 2915 Philippo
863 2838 1001 2917 genitus,

254 2985 257 2991 ,
319 2918 478 3009 Alexandri
496 2915 578 3005 ppulo
593 2933 658 2990 onte
673 2914 751 3003 tegis
758 2912 880 3002 frotep,
903 2935 1000 2988 sucro·

917 3034 1002 3092 slim,
