2625 4017
394 566 452 609 ‘18-
505 556 533 607 J.
569 555 762 606 FREINSH.
798 554 991 606 SUPPLEM·

349 647 352 650 ’
402 641 544 710 equitabilis
565 641 684 707 planicies
700 642 816 700 suberat,
836 658 897 710 ergo
914 643 1088 698 ferocientem

402 713 613 776 exsultantemque
628 709 710 760 effusis
725 710 751 758 in
766 709 860 760 collum
870 711 990 773 habenis,
1005 715 1084 763 adasa

345 830 349 841 ,
402 779 483 844 risque
494 778 613 828 calcaneis
631 795 686 827 eum
704 776 798 842 ingenti
814 779 922 828 clamore
937 779 963 829 in
978 798 1079 833 tursum

403 844 538 911 permittit.
548 850 636 912 Ingens
646 844 735 894 deinde
751 845 828 909 campi
839 846 943 909 spatium
956 863 1077 908 evectus,

404 916 453 978 jam
469 914 584 963 lassatum
606 928 631 963 et
652 913 785 961 'consistere
795 914 929 968 ¹volentem
945 913 1093 979 impellere,

405 997 457 1031 non
473 996 543 1031 antea
559 979 676 1039 destitit,
695 996 764 1043 quam
781 980 922 1031 exhaustum
941 998 1034 1042 cursu,
1051 996 1084 1034 et

405 1050 492 1099 labore
508 1047 650 1106 domitum,
668 1046 857 1097 mansuetiorem
872 1050 920 1111 jam
936 1048 1082 1100 mitiorem-¹

406 1133 453 1181 que
463 1115 606 1165 reduxisset.
617 1114 812 1164 Descendentem
822 1114 975 1167 manantibus
983 1116 1079 1183 gaudio

406 1182 515 1234 lacrimis
530 1184 673 1247 complexus
693 1198 731 1232 est
745 1196 829 1245 pater3
848 1184 983 1249 osculoque
1000 1184 1083 1249 capiti

406 1252 555 1315 impresso,
579 1257 657 1317 majus
678 1251 802 1317 imperitam
825 1251 871 1302 sibi
893 1254 1081 1321 circumspicere

405 1316 494 1381 iussit,
513 1335 554 1369 nec
569 1319 631 1370 enim
642 1306 795 1367 ⁴Macedoniae
810 1334 910 1386 regnum
925 1334 1022 1370 tantem
1037 1322 1083 1371 itt-¹

408 1390 485 1437 dolam
499 1401 588 1450 capere.
603 1385 664 1433 Post
673 1384 722 1433 haec
736 1383 886 1447 Bucephalas
899 1402 953 1435 cum
969 1384 996 1434 in
1013 1400 1084 1437 cete*

407 1459 449 1504 t'os
458 1451 575 1500 ferociam
587 1468 653 1500 suam
662 1449 797 1509 retineret,
812 1450 853 1500 uni
862 1453 1005 1503 Alexandro
1013 1453 1083 1504 'mita'

407 1516 569 1572 submissione
584 1517 681 1583 paruit3
695 1518 878 1583 multorumque
894 1537 951 1569 mox
965 1521 1080 1571 laborum

408 1603 483 1651 atque
503 1584 672 1635 discriminum
686 1584 791 1645 socius,
814 1585 840 1634 in
855 1586 944 1651 proelio
961 1588 1084 1640 adversus

407 1654 499 1705 Porum
509 1652 594 1718 periit.
602 1653 712 1719 Dignum
720 1652 746 1701 id
755 1668 923 1719 argumentum
935 1652 1017 1705 visum
1025 1670 1080 1717 est,

408 1739 458 1786 quo
474 1721 626 1772 illustrarent
643 1737 719 1786 opera
733 1737 775 1770 sua
788 1721 937 1771 nobilissimi
954 1721 1061 1774 artifices
1070 1740 1081 1784 3

410 1792 469 1839 duas
478 1807 507 1839 ex
521 1804 642 1839 marmore
655 1803 746 1838 statuas
759 1804 846 1853 equum
857 1788 981 1839 domantis
996 1806 1081 1841 ostend

408 1872 477 1914 tants
494 1855 623 1907 Praxitelis
634 1870 661 1906 et
675 1853 768 1904 Phidiae
785 1871 918 1907 certamen.
938 1856 1080 1909 Alexandri

409 1922 577 1989 easimagines
590 1939 657 1980 esse,
675 1921 784 1986 quamvis
799 1923 891 1990 ambigi
907 1923 1003 1988 possit,
1022 1942 1080 1976 aste·

408 2007 478 2042 tores
489 1991 551 2041 haud
561 1988 660 2040 obscuri
670 1989 836 2040 crediderunt.

444 2063 525 2109 Can.
541 2061 576 2109 V.
592 2056 640 2107 His
656 2072 728 2121 atque
740 2056 831 2106 talibus
848 2056 944 2124 ingenii
954 2058 1080 2125 animique

408 2124 578 2190 experimentis
599 2141 651 2174 eam
670 2125 733 2187 apud
751 2123 894 2190 Philippum
910 2123 1081 2177 existimatio·

408 2197 464 2243 'nem
487 2208 571 2243 nactus
586 2207 639 2250 est,
664 2206 693 2240 ut
711 2208 766 2240 eum
781 2190 832 2255 ipse
845 2190 994 2259 Byzantinos
1010 2192 1082 2245 obsi·

409 2260 484 2310 dione
498 2274 613 2327 urgeret,
630 2258 747 2309 idoneum
763 2260 810 2319 jam
828 2258 961 2309 crediderit
981 2259 1080 2320 filium,

409 2327 449 2379 cui
460 2326 538 2378 libera
549 2345 604 2377 eum
618 2341 741 2391 potestate
750 2328 901 2376 Macedonis
911 2343 994 2378 curam
1010 2346 1082 2392 corn-

409 2394 535 2453 mitteret,
551 2412 627 2444 annos
636 2392 738 2443 omnino
747 2394 854 2444 sedecim
868 2394 1008 2447 habentem.
1019 2398 1080 2459 Quo

409 2468 539 2528 'comperto
554 2463 713 2512 Medarorum
727 2458 842 2526 quidam,
863 2460 966 2513 Thracia
983 2463 1054 2514 natio
1069 2479 1079 2522 ,¹

409 2530 560 2581 Macedonis
583 2530 709 2590 subjecta,
733 2544 898 2594 opportunum
922 2529 1080 2591 defectioni,

408 2600 480 2664 quam
495 2601 586 2649 dudunt
601 2596 743 2663 agitabant,
762 2612 858 2660 ternpus
873 2596 1001 2648 advenisse
1011 2596 1059 2649 rati
1069 2634 1083 2658 ,.

408 2664 513 2716 tonsilia
532 2666 666 2716 nudavere.
691 2665 736 2714 Sed
761 2664 903 2715 adolescens
927 2665 1083 2716 ostentandi

410 2731 510 2784 uirtutis
528 2732 659 2784 occasione
675 2732 744 2782 laetus
754 2737 769 2789 ,'
789 2747 843 2783 cum
861 2730 964 2783 ducibus
977 2733 992 2783 a
1007 2738 1082 2798 patre

409 2798 504 2849 relictis
513 2815 619 2864 propere
628 2798 652 2849 in
664 2816 707 2849 eos
716 2798 797 2850 movit
807 2818 813 2851 τ
824 2798 945 2865 victisque
955 2814 983 2851 et
991 2798 1080 2864 eiectis

408 2864 556 2927 rebellibus,
573 2866 657 2917 urbem
672 2883 756 2917 eorum
769 2866 832 2917 varii
846 2866 942 2933 generis
957 2866 1083 2921 convenit

408 2933 563 2986 habitandam
581 2934 652 2985 dedit
667 2950 674 2985 e
690 2933 730 2983 illi
746 2932 972 2999 Alexandropolim
986 2951 1016 2987 et
1032 2950 1080 2985 no-

408 3003 475 3055 mine
490 3000 598 3061 auctoris
611 3001 648 3056 sui
664 3001 830 3070 appellavere.
845 3000 974 3070 Philippus
984 3017 1077 3057 eventu
