2625 4017
312 588 377 665 ‘ero'
496 575 827 663 Q.cun‘1·11

315 684 502 748 finitimarum
522 683 671 763 regionum
690 683 844 758 praefectos
865 681 997 747 certiore!

315 764 486 838 necessitatis
503 785 556 823 suae
570 763 648 822 fecit.
667 762 696 820 N
699 782 732 821 ec
747 780 896 822 cessatum
908 784 951 824 est
963 767 995 825 ab

314 843 370 906 his.
386 844 483 919 Itaque
497 842 573 902 fame
583 842 719 901 duntaxat
729 842 898 902 vindicatus
915 863 995 904 exer·

316 922 406 990 citus,
417 922 530 981 tandem
541 921 570 979 in
578 919 725 981 Gedrosiae
735 918 809 979 fines
819 922 997 997 perducitur.

316 1000 464 1063 Omnium
477 1021 570 1060 rerum
586 998 647 1059 sola
663 998 762 1058 fertilis
777 1000 866 1079 regio
886 1020 950 1071 est,
969 1003 997 1063 in

337 1102 373 1141 ua
384 1080 482 1142 stativa
491 1078 606 1147 habuit,
616 1094 647 1139 ut
654 1096 774 1138 vexatos
782 1079 898 1139 milites
906 1080 998 1159 quiete

339 1177 453 1220 rmaret.
485 1158 543 1217 Hic
568 1156 711 1217 Leonnati
731 1158 834 1217 literas
863 1160 998 1228 acciit,

315 1236 482 1317 conflixisse
492 1236 579 1316 ipsein
591 1256 651 1294 cum
663 1252 723 1294 octo
734 1232 869 1295 millibus
875 1258 914 1318 pe
935 1238 999 1298 iren

317 1315 512 1395 &quingentis
522 1313 657 1391 equitibus
666 1311 857 1384 Horitarum,
865 1334 999 1397 prospero

317 1412 426 1456 eventu.
447 1394 475 1473 ᾼ
491 1392 610 1453 Cratero
624 1411 737 1469 quoque
753 1392 878 1455 nuntius
896 1396 1000 1465 venit,

318 1468 431 1552 Ozinen
445 1490 472 1531 er
488 1468 645 1550 Zariaspen
660 1466 768 1530 nobiles
785 1466 901 1533 Persas
917 1514 929 1543 ‚
950 1471 1000 1534 de·

310 1547 464 1629 fictionem
476 1547 620 1610 molientes
631 1567 777 1629 oppressos
789 1568 807 1608 α
820 1569 880 1621 se,
897 1548 930 1613 in
939 1551 1001 1613 vin·

318 1626 390 1691 culis
401 1650 473 1693 esse.
485 1628 656 1707 Praepositoi
680 1627 734 1687 'tur
742 1629 863 1709 regioni
872 1630 999 1724 Sibyrtio

319 1714 335 1785 (
346 1729 468 1785 namque
485 1709 593 1768 Menon
606 1648 749 1784 praeiictus
764 1710 828 1782 ejus
842 1728 940 1787 nuper
954 1730 1001 1771 rn·.

318 1788 432 1849 terierat
450 1789 552 1847 morbo
566 1788 580 1859 )
594 1788 623 1845 in
640 1785 829 1847 Carmaniam
851 1787 915 1866 ipre
935 1810 1001 1868 pro·

317 1868 412 1930 cessit.
429 1867 560 1944 Aspasres
575 1882 634 1926 erar
650 1883 773 1943 satrapes
783 1870 914 2003 gentis,
938 1890 999 1930 sus·

317 1961 416 2024 pectus
428 1964 470 2004 res
488 1966 594 2005 novare
608 1945 731 2007 voluisse
746 1985 758 2011 ,
801 1966 858 2005 um
873 1947 906 2009 in
922 1947 1000 2012 India

318 2044 371 2085 rex
385 2042 467 2084 esset.
488 2022 587 2100 Quem
605 2041 806 2097 occurrentem¹
818 2024 1001 2088 dissimulate

318 2103 360 2165 ira
373 2103 493 2163 comiter
504 2104 660 2171 allocutus,
678 2104 745 2163 dum
756 2103 931 2240 exKloraret
940 2128 1001 2184 quae

318 2183 412 2244 delata
422 2183 556 2250 eranr‚in
567 2181 789 2242 eodemhonore
817 2185 914 2246 abuit.
923 2185 1001 2247 Cum

268 2275 271 2280 “
318 2262 405 2323 India
431 2260 574 2338 praefecti,
601 2261 674 2321 sicut
698 2262 876 2338 imperatum
905 2282 1000 2334 erat,

319 2361 460 2419 equorum
488 2341 737 2418 jumentorumque
764 2338 913 2422 jugalium
940 2344 999 2407 vina

233 2423 236 2428 ’
318 2420 465 2501 ingentem
479 2439 515 2479 ex
527 2421 628 2489 omni,
645 2441 705 2496 quae
716 2421 764 2479 sub
778 2420 912 2497 imperio
920 2443 998 2491 erat,

318 2500 437 2581 regione
449 2500 608 2570 misissent;
626 2500 724 2574 quibus
735 2500 855 2559 deerant
872 2502 999 2580 impedi·

318 2597 439 2644 menta,
461 2578 589 2639 restituit.
600 2579 689 2637 Arma
709 2598 822 2654 quoque
843 2580 881 2639 ad
902 2583 1004 2659 peisti-⁴

319 2677 391 2717 num
415 2656 518 2715 refecta
542 2677 605 2716 sunt
629 2658 738 2717 cultum
759 2680 768 2717 a
789 2660 900 2736 quippe
926 2659 1000 2723 haud

319 2737 421 2815 procul
429 2758 445 2794 a
453 2735 562 2794 Persida
570 2740 684 2796 aberant
693 2776 702 2803 ,
711 2757 770 2795 non
778 2758 884 2813 pacata
896 2741 1000 2810 modo,

319 2815 368 2877 red
387 2816 474 2875 etiarn
491 2815 636 2892 opulenta.
652 2815 763 2895 igitur,
783 2834 814 2875 ut
832 2840 921 2896 supra
939 2821 999 2881 dic-

319 2912 381 2954 tum
396 2912 458 2961 est,
477 2895 620 2955 aemulatus
636 2894 724 2953 Patris
736 2894 831 2955 Liberi
849 2918 916 2958 non
932 2902 1000 2980 glo-⁴

318 2973 516 3069 meolam,
534 2996 620 3053 quam
637 2974 739 3044 exiliis
748 2976 1003 3062 gent'busdeporff
