2625 4017
412 560 460 615 IN
495 561 531 625 Q.
565 558 753 614 cuntium
786 562 816 614 l..
850 563 894 616 ll.
963 576 997 625 79

323 647 396 718 longe
414 651 594 716 superiorem,
616 650 691 700 etiam
713 652 884 717 desperatione
903 667 998 705 armare

323 722 455 777 soluerat,
476 734 502 768 ut
519 716 643 781 praecium
663 719 762 778 objectu
784 719 893 771 fluminis
912 724 997 788 fugam

323 784 460 851 conspicati
476 801 575 835 omnem
585 781 670 834 salutis
683 802 750 849 spem
764 785 789 835 in
798 786 904 837 victoria
914 790 998 839 eollo·

322 868 412 906 errent.
430 844 604 902 Thessalorum
620 850 713 909 etiam,
729 851 818 903 numid
837 855 913 904 robur
928 855 997 919 equi·

269 937 271 944 ·
322 933 384 971 tatus
395 929 467 975 erat,
486 916 590 983 insignis
602 934 633 967 eo
648 918 688 967 die
699 936 772 983 opera
786 920 892 972 estitit.
907 923 995 987 Neque

322 986 398 1038 teteri
414 984 503 1036 officio
518 999 563 1034 suo
579 985 724 1035 defuerunt:
736 987 865 1050 praerettim
881 988 994 1053 equites,

320 1067 372 1104 nrm
382 1052 494 1119 equestri
501 1050 657 1116 potissimum
668 1053 751 1115 prelio
766 1068 884 1103 transacti
894 1072 932 1106 res
940 1068 996 1118 ατς

320 1120 413 1238 itm
424 1135 438 1169 e
448 1118 559 1184 vestigio
569 1133 703 1168 cesserunt.
723 1123 838 1170 Ceterum
852 1122 995 1173 Alexander

338 1204 447 1238 trsarum
461 1184 536 1237 etiarn
549 1184 718 1235 nobilissimos
732 1188 860 1250 sepulture
870 1188 992 1248 tradiditt

320 1270 345 1306 tt
357 1267 486 1320 quotquot
501 1265 531 1301 er
542 1252 636 1301 Grecis
649 1251 804 1302 mercenariis
817 1253 929 1303 hostibus
944 1272 995 1305 rne-

319 1336 399 1373 rentes
412 1318 558 1370 ceciderant
572 1336 579 1368 ε
594 1316 636 1384 qui
651 1332 730 1369 ruteni
744 1336 827 1369 eorum
841 1319 894 1370 vivi
910 1320 936 1370 in
949 1336 996 1386 po·

318 1399 431 1446 teststem
449 1385 543 1437 redacti
558 1388 669 1444 fuerant,
685 1401 772 1453 torpet
785 1386 951 1438 Macedoniam
967 1390 993 1442 ie

318 1458 446 1524 ergastula
460 1453 576 1504 distribui
591 1451 677 1512 iussit,
695 1455 755 1518 quod
771 1467 857 1505 contra
872 1471 995 1509 commune

319 1523 463 1573 Gtaecorum
486 1522 622 1577 decretum,
638 1536 684 1586 pro
705 1520 861 1571 barbarorum
881 1524 993 1574 domina·

318 1590 381 1641 tione
398 1590 519 1638 adversus
529 1583 639 1653 patriam
653 1589 836 1662 pugnavissent.
862 1588 994 1639 Thebanos

318 1668 399 1705 tamen
416 1650 530 1709 dimisit,
549 1650 590 1714 qui
612 1667 692 1700 excisa
711 1653 786 1712 urbe,
806 1652 907 1703 sdsnttis
927 1672 938 1703 a
970 1655 993 1708 ie

318 1719 465 1773 necessitate
483 1718 562 1786 magis
576 1731 646 1781 quam
662 1729 751 1781 sponte
764 1729 915 1784 pectinent.
953 1738 992 1773 snt

317 1786 383 1839 enini
399 1801 443 1837 tot
458 1786 560 1835 illorun't
573 1783 753 1835 calamitatibus
765 1786 861 1850 expleta
874 1786 932 1837 odia
947 1789 994 1838 mia

317 1852 461 1907 sericordiae
472 1853 557 1903 locum
566 1854 685 1904 fecerant.
694 1854 756 1902 Post
764 1854 813 1903 hnc
828 1854 858 1903 de
873 1855 993 1908 manubiis

318 1937 447 1974 trecentos
465 1920 567 1986 clypeos
584 1919 697 1984 selegit,
719 1918 759 1984 qui
779 1920 895 1972 Minervae
910 1923 993 1974 Athe·

317 1988 394 2040 niensi
414 1986 605 2043 dedicarentur,
627 1987 802 2049 superborum
819 1988 895 2039 titulo
911 2007 918 2038 r
934 1990 995 2043 Ale·

318 2059 440 2109 sonitum
456 2055 561 2170 Plriliqpi
575 2053 602 2103 F.
621 2052 780 2119 Cretesque,
798 2058 900 2123 exceptis
916 2057 992 2108 Lace·

318 2125 459 2177 demoniis,
481 2120 508 2171 de
542 2119 638 2171 arbaris
656 2119 743 2169 Asiam
760 2123 917 2173 incolentibus
935 2131 991 2173 tnr-

315 2192 431 2257 prndisse.
446 2186 475 2237 ld
485 2202 515 2234 eo
526 2188 634 2242 fecerat,
651 2187 864 2237 utcomniunicara
882 2188 993 2239 victorin

318 2256 386 2306 laude
404 2249 501 2304 Grecis
515 2252 545 2301 ad
561 2266 654 2302 cereres
669 2252 728 2301 belli
745 2254 901 2305 necessitates
917 2257 993 2306 obse·

318 2320 489 2386 quentioribus
508 2332 617 2369 uteretur
635 2336 643 2369 s
661 2318 734 2367 simul
752 2320 992 2372 lacedemoniorum

319 2385 497 2439 contumaciam
508 2385 669 2443 traducebat,
686 2384 727 2449 qui
736 2402 842 2437 seorsum
852 2387 921 2437 initis
930 2405 994 2437 con·

321 2452 380 2506 tiliis
395 2472 409 2504 s
425 2463 510 2502 cetero
520 2449 619 2501 Grecis
629 2466 735 2515 corpore
748 2450 864 2517 abrupti,
881 2454 992 2518 tantique

321 2520 416 2572 decoris
425 2532 537 2582 expertes
544 2518 694 2568 mansissent.
705 2521 792 2586 Neque
805 2520 905 2577 matris,
921 2536 992 2585 quam

319 2587 405 2638 eximia
418 2586 512 2651 pietate
529 2601 622 2649 semper
638 2583 734 2643 coluit,
754 2587 866 2643 oblitus,
883 2587 993 2650 pocula,

319 2667 472 2719 purpuram,
494 2649 590 2716 aliaque
610 2651 636 2701 id
660 2668 736 2716 genus
758 2653 866 2717 pretIosa
889 2653 992 2719 spolia,

318 2721 400 2787 prusis
411 2718 503 2771 demtis
514 2719 570 2778 „sd
584 2716 650 2768 illam
666 2720 809 2772 transmisit.

347 2792 417 2841 CAP.
434 2788 487 2839 vl.
503 2787 566 2835 Post
579 2785 626 2835 hoc
647 2784 755 2848 prelium
773 2788 853 2837 denuo
872 2787 901 2837 ad
917 2786 991 2841 ilium

316 2859 440 2920 profectus
450 2853 609 2912 Alexander,
625 2852 683 2901 Des
694 2855 785 2916 gratias
794 2854 863 2920 egit,
876 2872 927 2919 qus
937 2874 995 2919 prs·

317 2922 407 2974 tissimi
418 2919 480 2973 belli
496 2919 631 2969 discrimen
648 2919 786 2980 aditurum,
803 2922 875 2970 armis
890 2937 916 2973 et
930 2922 994 2972 omi-

317 2989 382 3043 tibus
396 2987 516 3058 juvisset.
529 2986 629 3053 Quippe
646 2988 768 3054 superiori
783 3005 915 3051 ternpore,
934 3005 991 3042 suin

814 3058 838 3107 G
856 3054 883 3108 ir
