2625 4017
405 579 460 635 12⁶
582 566 904 648 acuarit

403 665 1077 747 amoenitateinumbrarus‚ubiquelonribussuis

403 750 505 812 similis
518 749 549 811 in
559 769 638 809 mare
648 749 752 811 evadit.
764 750 856 810 Multa
867 749 895 807 in
909 767 944 807 ea
953 748 1073 828 regione

402 846 609 897 monumenta,
622 829 738 909 uulgata
749 829 918 888 carminibus
929 867 939 896 ‚
952 843 1075 888 vetustas

403 908 545 971 exederat.
573 909 805 967 Monstrabantur
829 907 943 968 urbium
965 907 1042 966 sedes
1062 946 1074 977 ,

403 987 534 1064 Lyrnessi
546 1003 574 1048 et
582 987 713 1050 Thebesr
728 987 876 1064 Typhonis
886 1006 998 1063 quoque
1011 1005 1074 1062 spc-

403 1088 475 1136 ωε,
490 1083 519 1127 et
533 1067 691 1145 Corycium
701 1087 817 1135 nemus,
832 1067 880 1127 ubi
893 1085 1011 1125 crocum
1026 1065 1073 1145 gi-

425 1149 501 1206 nitur
517 1170 526 1207 ε
545 1161 693 1223 ceteraque
713 1146 743 1206 in
765 1146 864 1222 quibus
883 1143 955 1203 nihil
975 1164 1075 1222 praetet

404 1166 513 1288 ioniam
528 1225 686 1288 duraverat.
700 1225 864 1285 Alexander
879 1225 973 1284 fauces
990 1222 1073 1304 jugi,

404 1327 466 1381 quac
482 1301 560 1383 Pyla
573 1306 771 1382 appellantur,
791 1304 915 1366 intravit.
933 1302 1075 1362 Contem-

405 1385 498 1461 platus
513 1385 646 1443 loconrm
660 1384 746 1451 situs,
764 1404 824 1443 non
841 1382 910 1444 alids
927 1384 1018 1463 magis
1028 1381 1073 1440 di·

402 1463 477 1523 citur
493 1463 645 1522 admiratus
659 1481 718 1522 esse
728 1459 898 1537 felicitatem
915 1480 993 1523 suam
1004 1486 1014 1519 .·
1027 1458 1076 1520 ob-

403 1540 448 1601 rur'
454 1539 579 1621 potuisse
590 1539 634 1601 acl
645 1542 726 1601 suxis
736 1542 941 1607 confitebatur,
964 1536 1074 1614 sifuis-

404 1636 488 1689 sent,
511 1619 558 1700 qui
579 1621 609 1680 in
628 1618 776 1681 sudmnres
793 1618 990 1702 propellerent.
1018 1621 1076 1679 lter

404 1701 456 1761 uix
474 1717 625 1775 quaternos
642 1701 770 1778 capiebar
789 1717 936 1760 armatos:
957 1697 1074 1759 dorsum

403 1780 513 1840 montis
523 1780 691 1839 imminebat
703 1780 755 1841 viae
767 1820 777 1850 ‚
797 1800 856 1839 non
868 1796 990 1859 angustae
1006 1798 1076 1837 mo·

404 1859 463 1927 do,
482 1859 529 1918 sed
538 1861 705 1936 plerumque
722 1878 883 1937 praerupta,
902 1857 1005 1918 crebris
1022 1859 1075 1916 ob·

405 1936 561 1997 errantibus
570 1937 657 2005 rivis,
674 1938 721 2015 qui
736 1959 772 1999 ex
782 1939 917 1998 radicibus
929 1937 1074 1996 montium

404 2033 532 2077 manant.
554 2014 681 2077 Thracas
704 2036 799 2079 tamen
824 2016 925 2077 leviter
948 2034 1074 2075 armatos

398 2092 562 2174 precedere
578 2096 712 2172 jusserat,
730 2096 897 2175 scrutarique
914 2092 1019 2163 calles,
1039 2114 1075 2155 ne

404 2171 527 2233 occultus
541 2171 630 2234 hostis
643 2174 673 2235 in
685 2175 830 2236 subeuntes
845 2192 1006 2254 erumperet.
1018 2173 1074 2232 Sa-

403 2253 583 2333 gittariorum
595 2274 708 2332 quoque
716 2276 817 2316 manus
828 2269 1017 2332 occupaverat
1025 2252 1075 2329 iu-

403 2352 495 2413 gum3
516 2333 639 2394 intentos
661 2355 739 2395 arcus
759 2334 921 2400 habebant,
939 2332 1043 2393 moniti
1061 2369 1073 2401 ,

380 2454 382 2458 -
404 2431 459 2471 non
479 2410 533 2472 iter
549 2410 625 2492 ipsos
647 2412 747 2482 inire,
774 2413 824 2473 sed
844 2411 979 2492 prelium.
1004 2412 1074 2472 Hoc

404 2490 493 2551 modo
506 2511 609 2571 agmen
625 2494 755 2569 pervenit
774 2493 807 2553 ad
824 2496 923 2552 urbem
939 2491 1074 2560 Tarson,

403 2570 656 2634 suitummaxime
664 2572 752 2633 Pcrsae
762 2571 946 2647 subjiciebant
954 2570 1072 2649 ignem,

338 2707 343 2716 ,
404 2667 442 2708 ne
464 2648 631 2727 opulentum
654 2652 789 2729 oppidum
810 2650 897 2711 hostis
916 2650 1075 2716 invaderet.

403 2728 445 2786 At
460 2728 510 2788 ille
524 2729 714 2791 Parmenione
727 2731 762 2790 ad
773 2729 957 2791 inhibendum
971 2729 1074 2789 incen-

373 2807 376 2812 '
403 2805 481 2866 dium
491 2827 558 2867 cum
570 2810 698 2886 expedita
708 2831 796 2871 manu
809 2809 952 2888 praemisso
963 2828 974 2879 3
995 2825 1076 2886 post-

403 2886 630 2961 quambarbaros
640 2890 762 2950 adventu
769 2910 885 2949 suorum
892 2888 1005 2969 fugatos
1014 2906 1075 2946 csse

401 2970 561 3045 cognovit,
581 2970 749 3031 urbemase
760 2987 957 3032 conservatam
974 2967 1076 3028 intrat.
