2625 4017
425 560 617 626 LIBER
660 561 735 628 VJ.
857 572 916 645 333'

234 659 399 749 ,parricida
408 680 436 724 et
441 662 574 744 proditori
583 681 639 723 tam
648 661 707 723 alta
716 660 794 742 quies
802 662 892 723 somni
900 663 919 726 ἒ.

246 742 383 804 Scelerati
399 741 570 802 conscientia
585 740 759 823 obstrepente
775 760 836 802 com
851 740 918 801 dor·-

246 822 318 883 mire
334 841 389 881 non
403 820 535 901 possint;
555 820 666 900 agitant
678 840 724 881 eos
730 818 840 897 faria,
862 835 923 895 non

248 899 371 979 cogitato
384 898 483 967 modo,
504 898 554 959 sed
566 916 594 958 et
603 915 788 959 consummato
799 897 920 978 parrici-

248 977 307 1038 dio.
319 976 360 1037 At
369 975 437 1037 mibi
448 976 622 1038 securitatem
631 976 749 1057 primum
760 975 921 1038 innocentia

248 1074 337 1126 mea,·
359 1053 459 1115 deinde
478 1053 577 1115 dextra
594 1072 642 1115 taa
663 1053 814 1116 obtulerant
833 1080 843 1115 .·
864 1074 920 1116 non

248 1133 352 1203 timui,
376 1154 412 1195 ne
426 1131 490 1214 pius
506 1131 607 1194 aliena
622 1132 779 1195 crudelitati
798 1131 869 1210 apud
890 1148 920 1194 te

246 1210 363 1282 liceret,
376 1232 455 1291 quam
465 1211 618 1273 clementia
627 1228 693 1276 tuoe.
704 1209 760 1274 Sed
770 1232 805 1273 ne
815 1208 925 1286 temibi,

248 1289 404 1352 credidisse
413 1290 546 1371 paniteat
558 1330 568 1360 ,
586 1309 632 1350 res
647 1290 684 1351 ad
695 1312 737 1352 me
748 1288 923 1368 deferebatur

247 1388 376 1449 spaera,
388 1369 434 1449 qai
444 1388 499 1429 non
509 1385 629 1438 testem,
642 1390 697 1431 non
704 1370 808 1452 pignus
818 1366 921 1450 indicii

249 1446 380 1509 exhibere
393 1465 520 1528 poterat,
539 1446 578 1507 im
595 1446 702 1510 decurtet
714 1468 807 1510 omnes
824 1466 920 1518 meta,

248 1525 276 1586 st'
295 1526 423 1607 caepisset
441 1524 545 1587 audiri.
591 1528 706 1589 motoris
718 1545 745 1588 et
760 1527 844 1587 scorti
867 1528 923 1587 'ar-

245 1604 298 1686 gio
318 1604 453 1686 interponi
473 1624 553 1665 aures
574 1625 650 1664 meas
668 1604 773 1665 credidi
794 1548 919 1682 infedsc,

250 1700 279 1743 et
286 1680 377 1761 fldem
396 1684 455 1761 ejas
471 1700 626 1764 suspectam
650 1682 756 1752 babai,
777 1681 848 1762 quod
864 1701 921 1744 nom

248 1760 311 1843 ipse
328 1758 469 1837 deferret,
492 1759 542 1820 sed
546 1759 666 1838 fratrem
675 1762 767 1842 potius
782 1760 920 1822 soborna-¹

249 1857 306 1902 ret.
320 1838 434 1908 Timui,
454 1860 492 1899 ne
501 1858 615 1919 negaret
626 1839 773 1902 mandasse
783 1860 814 1901 se
828 1838 921 1920 Ceba-3

249 1917 308 1979 lino
320 1937 333 1989 ,·
354 1935 381 1978 et
391 1937 441 2007 ego
454 1916 564 1979 viderer
575 1918 670 1981 moitis
681 1918 830 1981 amicorum
841 1918 921 1999 regis.

241 1995 340 2074 faisse
351 1994 470 2076 periculi
481 2016 577 2059 caasa.
589 1995 640 2059 Sit
650 2019 753 2078 ottoque
766 2018 826 2059 cam
837 1995 927 2073 base·-

248 2075 304 2136 rim
313 2074 464 2145 neminem,
475 2076 586 2144 inveni,
598 2076 644 2155 qai
655 2076 748 2138 mallet
755 2076 844 2156 perire
855 2096 919 2148 me,

248 2174 329 2233 qaam
346 2152 505 2213 incolumem
524 2174 596 2216 esse.
613 2152 693 2234 Qaid
709 2153 934 2216 inimicitiarum

249 2231 366 2294 creditis
379 2229 675 2313 exceptarumfaisse‚
692 2233 718 2292 si
736 2233 860 2293 insontes
875 2231 921 2293 da·.

249 2310 421 2373 cessissem?
441 2309 481 2370 At
500 2310 573 2371 enim
589 2311 718 2394 Dymnus
737 2331 769 2373 se
788 2308 922 2371 occidit?¹

250 2390 330 2452 Nam
346 2387 579 2469 igitarfacturum
597 2410 657 2451 eam
671 2389 800 2451 divinare
812 2388 923 2470 porois.

249 2463 374 2531 minime.
388 2466 433 2527 Ita
443 2466 512 2547 qaod
525 2466 611 2529 solam
622 2465 920 2547 indiciofidemfecit‚

249 2546 282 2607 id
299 2568 364 2616 me,
384 2567 444 2607 cam
458 2567 475 2606 a
488 2544 620 2607 Cebalino
632 2545 820 2627 interpellatos
835 2565 923 2617 sam,

250 2646 358 2687 monere
368 2646 423 2685 non
431 2623 548 2706 poterat.
558 2623 598 2686 At
609 2623 738 2696 hercule,
752 2624 779 2685 si
791 2623 924 2686 conscias.

249 2703 363 2786 Dymno
381 2703 452 2765 tanti
471 2702 588 2763 sceleris
601 2703 746 2780 fuissem,
769 2701 850 2763 biduo
868 2701 924 2763 iiio.

246 2784 372 2865 proditos
384 2803 446 2844 esse
460 2801 533 2851 nos,
556 2780 731 2844 dissimulare
748 2801 803 2855 non
815 2778 919 2841 debetis

251 2860 403 2923 Cebalinus
415 2862 475 2953 ipse
489 2858 549 2920 tolli
562 2860 598 2922 de
613 2860 703 2923 medio
718 2858 793 2921 nullo
808 2857 925 2940 negotia.

244 2938 481 3027 gorniacDemde
489 2938 682 3022 postdelatam
693 2938 852 3013 indicium,
868 2955 925 3037 quq
