2625 4017
381 580 383 585 ,
426 534 459 579 14
525 518 556 568 J..
587 516 778 569 FREdNSH.
812 517 1002 573 SUPPLEM.

378 655 380 657 .
422 604 527 671 ingenio
544 604 636 669 equinae
652 604 748 669 ungulae
762 601 886 663 inditum,
904 621 930 655 et
943 607 1095 672 Babylonem

386 678 388 685 '
425 674 600 736 deportatum,
618 687 702 721 rumor
712 669 847 734 suspicatus
859 687 905 722 est.
920 674 1057 725 Adamavit
1069 692 1097 727 et

424 738 542 789 musicam
558 776 565 795 ,
584 736 654 800 eique
673 736 760 787 seriam
783 737 856 787 initio
878 756 978 803 operam
996 742 1067 793 dedit
1086 762 1095 793 e

415 810 505 857 -donec
514 803 693 856 contumeliosa
703 803 986 870 interrogationepatris
994 847 1002 867 ,
1011 812 1095 875 ecquid

439 878 520 925 uderet
534 889 586 922 tam
602 874 661 924 scite
675 874 783 924 canere?
802 873 873 923 velut
887 890 963 924 artem
978 890 1025 925 suae
1039 893 1095 925 ma-

422 939 505 1003 ,estrei
521 938 682 996 indecoram,
704 936 870 1004 negligentius
886 956 991 992 tractare
1005 942 1093 1007 coepit·

392 1066 393 1070 Ἰ
425 1011 484 1071 Quo
500 1006 599 1071 quidem
614 1020 726 1068 ternpore
742 1006 861 1071 magistro
877 1010 995 1071 chordam
1010 1027 1094 1075 quam·

425 1078 481 1127 dam
502 1091 530 1123 ex
548 1071 608 1122 artis
627 1073 769 1137 praescripto
791 1075 886 1137 pulsare
906 1076 1017 1136 jubenti,
1035 1080 1093 1143 quid

422 1160 503 1195 autem
516 1141 627 1205 referat,
651 1138 750 1204 inquit,
768 1142 790 1189 si
811 1144 872 1192 hanc
892 1148 1044 1210 pulsavero?
1065 1143 1092 1194 in

392 1216 394 1219 ’
424 1209 497 1261 aliam
514 1207 642 1257 intendens
663 1206 779 1271 digitum.
793 1208 831 1256 At
846 1208 907 1266 ille,
927 1212 988 1262 nihil
1001 1214 1091 1275 referre

389 1320 391 1323 Α
416 1279 505 1346 saturi
525 1278 608 1341 regit,
622 1275 709 1338 futuri
725 1291 805 1325 autem
826 1277 953 1327 citharoedi
975 1280 1065 1343 referre
1087 1315 1096 1338 ‚

424 1342 561 1409 respondit.
571 1340 995 1403 Delectaturdeincepsestmaseulo
1003 1360 1089 1403 cantu,
1124 1358 1126 1361 ·

422 1430 479 1462 curn
500 1408 590 1459 molles
610 1410 745 1471 fractasque
760 1407 941 1468 modulationes
961 1426 989 1461 ut
1005 1410 1091 1475 perni-

415 1479 487 1528 oiem
501 1490 599 1525 morum
617 1490 777 1526 aversaretur.
797 1478 855 1536 Quo
867 1477 970 1527 nomine
985 1478 1091 1529 maxime

422 1546 547 1610 amplexus
560 1556 598 1591 est
605 1541 781 1601 Timotheum,
800 1542 858 1593 artis
873 1546 923 1605 ejus
936 1544 1091 1609 professione

412 1613 554 1664 tcelebrem.
575 1609 622 1660 Ille
635 1608 700 1659 enim
716 1608 902 1661 accommodata
917 1613 949 1661 ad
964 1611 1090 1679 ingenium

421 1680 490 1731 illiue
509 1675 628 1735 seientia,
647 1678 744 1735 modo,
765 1694 836 1741 quem
854 1680 986 1747 Phrygium
1001 1681 1089 1745 appel-

421 1749 500 1805 lant,
520 1745 556 1795 ita
576 1743 707 1808 aliquando
724 1759 779 1793 eum
796 1742 900 1808 rapuit,
923 1761 1090 1812 utrumquem

371 1872 376 1881 Ι
420 1814 511 1867 divino
523 1809 641 1862 instinctu
656 1811 824 1862 exardesceret
836 1810 938 1869 animo,
957 1829 999 1873 et,
1018 1815 1090 1866 velut

409 1880 561 1951 'propinquo
573 1878 623 1940 iarn
632 1878 720 1936 horte,
736 1880 767 1935 ad
782 1895 848 1929 arma
860 1878 975 1942 capienda
987 1881 1090 1945 protili-

408 1965 470 2004 ·ret.
487 1944 638 2012 Eloquentioe
654 1945 729 1995 etim
744 1946 788 1995 nub
804 1945 956 1996 Anaximene
972 1951 1089 2013 Lampsa.

405 2033 483 2070 ·eeno
503 2012 614 2069 eruduita
628 2028 680 2077 que
699 2028 738 2063 res
757 2014 915 2077 postmodum
929 2014 1089 2067 incolumita-

419 2097 472 2137 tern
496 2081 550 2133 urbi
568 2080 680 2138 attulit,
702 2095 757 2129 cum
774 2080 901 2133 Persarum
926 2079 1015 2145 opibua
1035 2098 1089 2135 etu-

419 2145 519 2203 dendem
535 2148 677 2198 Alexander
697 2146 794 2196 diruere
811 2146 988 2201 comtituiaset.
1006 2152 1089 2202 Cone·

411 2220 515 2286 nicatur
524 2214 590 2265 enim
598 2212 775 2263 Anaximenem
790 2230 857 2265 extra
867 2216 954 2265 nroenia
964 2219 1089 2282 prodeun-

407 2297 488 2343 ¹tent,
504 2299 549 2333 nec
563 2280 695 2338 dubitans,
711 2279 770 2343 quin
779 2297 826 2344 pro
836 2282 914 2346 patria
928 2284 1087 2349 deprecatum

405 2351 527 2407 ocularet
538 2349 697 2407 ,Graecorum
704 2347 769 2400 Deos
784 2363 887 2400 testatus
901 2364 955 2407 est,
975 2370 1022 2404 non
1030 2355 1088 2418 sac.

407 2436 503 2475 rurum
519 2426 543 2468 ee'
554 2416 615 2482 quod
625 2417 732 2483 petisset.
749 2417 807 2475 Quo
824 2415 909 2467 audito
923 2418 1027 2469 callidus
1041 2419 1087 2471 ille

416 2485 536 2554 rogavit,
552 2498 580 2533 ur
596 2483 753 2550 lampsacum
765 2485 880 2536 dirueret.
892 2484 938 2534 llle
951 2501 978 2535 et
991 2486 1087 2550 jurisju-

415 2554 488 2608 randi
503 2548 627 2615 religione
648 2546 779 2607 astrictus,
797 2566 822 2602 et
837 2550 916 2616 magio
931 2552 1006 2604 etiam
1025 2571 1087 2618 prae-

405 2619 526 2687 nemoris
545 2614 607 2666 olim
624 2615 662 2667 eni
677 2614 810 2681 sagacitate
826 2618 960 2677 delinitus,
979 2622 1085 2686 gratiam

405 2690 567 2742 delictorum
581 2682 751 2746 Lampsacenia
765 2683 836 2736 fecit.
847 2688 980 2737 Comoedoe
993 2703 1022 2740 ut
1037 2688 1086 2740 int-

404 2757 494 2808 ·tituto
510 2768 555 2801 sao
571 2766 657 2814 parum
675 2751 837 2816 congruentia
856 2768 1006 2813 tractantes,
1025 2773 1085 2806 cor-

402 2818 604 2887 ·rumpendisque
619 2816 730 2871 moribus
743 2833 815 2869 nator
829 2820 970 2874 contemsit.
989 2826 1086 2889 Negle-

406 2890 452 2945 ’κίε
467 2903 492 2941 et
506 2884 622 2952 pugiles,
639 2902 783 2951 quamquam
797 2887 964 2941 maximinum
980 2890 1006 2939 in
1016 2893 1085 2942 Grae·

410 2956 638 3017 eiafierem3forte
646 2953 714 3028 quod
723 2953 948 3027 orioaoeeteagine
957 2957 1083 3024 addictos,
