2625 4017
410 558 463 622 ru
587 543 910 624 Q.cunrn

406 648 521 724 Vixque
543 646 603 705 ulla
626 647 726 706 domus
748 647 892 723 purpurati
914 644 968 706 fuit
992 659 1076 707 tantae

405 727 492 788 eladis
521 744 631 802 expers.
661 723 869 786 Lacedaemonii
903 745 1015 803 quoque
1047 741 1078 786 et

405 804 592 868 Athenienses
611 804 752 865 societatis
772 804 829 864 fide
850 804 958 864 violata
980 802 1077 864 Persas

405 881 493 944 secuti
506 905 519 954 ¹,
534 880 733 963 Aristogiton,
751 882 892 960 Dropides
908 897 935 943 et
947 880 1077 958 lplricta·

405 978 472 1030 tes,
495 964 568 1022 incer
598 962 786 1023 Athenienses
813 981 917 1042 genere
943 962 1076 1038 famaque

404 1042 493 1119 longe
503 1041 649 1101 clarissimi
662 1066 670 1102 ε
682 1039 907 1108 Lacedaemonii,
922 1039 1076 1117 Pausippus

405 1138 434 1180 et
446 1120 703 1188 Onomastorides,
717 1141 783 1180 curn
798 1119 931 1178 Monimo
943 1133 971 1179 et
982 1118 1076 1179 Calli-

405 1198 532 1267 eratide‚
547 1198 568 1258 ii
586 1218 700 1277 quoque
719 1193 798 1258 domi
814 1196 937 1259 nobiles.
956 1196 1076 1259 Summa

404 1279 531 1354 pecunie
541 1277 654 1357 signato:
667 1277 719 1338 luit
731 1275 903 1337 talentorum
914 1276 970 1336 duo
983 1277 1076 1338 millia

405 1373 434 1417 et
443 1354 911 1438 sexaginta3factiargentipondus
921 1355 1075 1434 quingenta

405 1437 544 1511 aequabat.
566 1431 703 1495 Praeterea
723 1434 837 1513 triginta
861 1432 952 1492 millia
974 1432 1075 1494 homi·

403 1532 474 1574 num
485 1554 497 1581 ,
520 1534 587 1573 cum
599 1531 707 1591 septem
718 1514 842 1592 millibus
856 1512 1051 1590 jumentorum
1065 1553 1076 1583 ‚

405 1591 489 1651 dorso
503 1610 590 1651 onera
607 1592 806 1669 portantium,
826 1608 906 1666 capta
925 1608 998 1651 sunt.
1013 1591 1074 1652 Ce-

403 1688 517 1740 terum,
540 1663 592 1731 Dii
607 1689 690 1732 tantae
706 1665 824 1732 sortunae
837 1667 1011 1746 proditorem
1029 1689 1075 1730 se-

402 1750 521 1828 pulturae
547 1748 676 1811 celeriter
704 1748 796 1812 debita
824 1769 907 1826 poena
934 1749 1076 1825 persecuti

405 1848 479 1890 sunt.
490 1827 623 1906 Namque
634 1850 705 1889 unus
717 1850 733 1890 e
744 1828 864 1892 consciis
874 1826 950 1905 ejus,
964 1828 1050 1888 credo
1059 1869 1072 1896 ,

400 1907 475 1985 regis
485 1905 604 1974 vitem,
625 1907 712 1968 etiam
723 1907 754 1967 in
765 1907 816 1967 illa
828 1921 902 1967 sorte
915 1905 1050 1966 reveritus
1063 1948 1074 1976 ‚

402 1984 542 2046 interfecti
552 1986 702 2062 proditoris
714 2003 798 2064 caput
809 1985 844 2046 ad
854 1978 976 2045 Darium
988 1985 1071 2054 tulit,

404 2082 597 2141 opportunum
614 2065 748 2126 solatium
766 2064 879 2142 prodito
897 2086 905 2123 ε
924 2062 1026 2141 quippe
1044 2081 1074 2124 et

401 2144 477 2202 ultus
494 2143 642 2204 inimicum
661 2162 746 2217 erat·,
765 2163 793 2204 et
810 2141 938 2202 nondum
956 2140 985 2200 in
1004 2162 1072 2202 om-

400 2221 483 2281 nium
508 2219 610 2283 animis
639 2225 812 2286 memoriam
837 2220 989 2302 majestatis
1017 2242 1074 2282 suae

402 2299 560 2365 exolevisse
576 2305 720 2382 cernebat.
