2625 4017
384 554 449 629 ’436
569 543 615 624 Qi
651 540 899 607 culmi

387 647 474 714 Indus
485 644 657 727 gelidioresr
668 665 755 722 quarn
766 645 866 708 cereri.
876 644 979 722 Aquas
989 645 1086 727 vebia·

387 749 406 787 a
416 729 523 787 ¹colore
539 722 709 785 maris·haud
725 726 850 786 mulmrn
865 724 1085 804 abhorrentes,³

388 805 507 887 Ganges
518 806 609 865 amnis
620 806 657 864 ab
670 821 735 866 ortu
744 805 867 866 eximius
877 805 1068 876 ad‘Meridiat·
1079 813 1084 844 ³

387 891 457 945 riam
483 886 631 967 regionem
655 884 805 951 decurrit,
835 901 865 944 er
884 893 1078 966 magnorum,

386 966 532 1027 montium
554 965 619 1048 iuga
639 983 719 1024 reno
738 964 824 1025 alveo
844 965 968 1046 stringitss
994 966 1081 1034 lude·

385 1066 453 1106 eum
466 1044 584 1121 objectae
595 1064 678 1121 rupes
691 1043 831 1102 inclinant
846 1044 880 1103 ad
891 1043 1066 1110 Orientem.

385 1126 486 1202 thue
494 1126 591 1183 Rubro
600 1122 675 1183 Mari
687 1123 842 1199 accipitur,
853 1122 964 1183 findens
974 1125 1063 1203 ripas,

385 1208 490 1265 multas
502 1204 616 1263 arbores
629 1223 696 1262 cum
712 1222 818 1283 magna
833 1204 888 1261 soli
906 1219 990 1279 parte
1009 1209 1064 1265 eir·

383 1288 490 1345 sorbet.
513 1282 593 1342 Saxis
612 1302 728 1359 quoque
749 1282 928 1358 impeditus,
960 1286 1065 1345 crebro

382 1363 599 1429 reverberatur,
621 1362 670 1421 ubi
687 1361 804 1421 mollius
820 1363 918 1421 solum
930 1364 1062 1437 reperit,

382 1454 512 1522 stagnat,
527 1441 688 1517 insulasque
698 1441 828 1501 molitur.
841 1439 983 1501 Acesines
994 1464 1077 1504 eum·

383 1540 479 1603 auger.
497 1519 615 1602 Ganges
631 1522 814 1581 decursurum
831 1520 861 1579 in
878 1540 960 1579 mare
972 1520 1065 1581 inrer-

382 1602 453 1679 cipit
461 1623 470 1659 s
477 1621 639 1683 pugnoque
650 1617 733 1659 motu
742 1599 834 1659 amnis
843 1615 964 1676 uterque
975 1600 1065 1661 colli-

382 1682 468 1742 ditur.
481 1680 599 1759 Quippe
611 1678 728 1758 Ganges
738 1700 868 1757 asperum
882 1700 915 1738 os
928 1668 1062 1743 influenti

384 1762 502 1840 objicit3
513 1782 568 1831 nec
580 1780 745 1837 repercussa
754 1779 832 1834 aque
841 1758 956 1819 cedunt.
965 1759 1063 1838 Dyar-

382 1841 470 1902 denes
486 1841 579 1900 ininus
595 1840 708 1906 celeber
723 1840 819 1908 auditu
834 1854 896 1906 est,
923 1839 991 1915 quia
1008 1857 1076 1917 per·

383 1920 486 1981 ultima
502 1919 588 1978 lndiae
603 1918 691 1977 currit
706 1942 715 1979 r
731 1936 856 1986 ceterum
869 1936 930 1976 non
949 1938 1059 1979 croco-

383 1999 458 2058 dilos
467 1998 557 2056 modo
570 1998 611 2056 uri
622 1996 728 2064 Nilus,
747 1997 803 2057 sed*
811 1996 897 2055 etiarn
907 1996 1061 2075 delphines

382 2078 549 2159 ignotasque
560 2066 623 2136 aliis
638 2077 768 2214 gentibus
777 2076 885 2136 belluas
896 2078 960 2136 alic.
980 2077 1061 2157 Ery-¹

382 2156 517 2219 manchus
528 2157 633 2216 crebris
660 2156 758 2215 exibus
773 2156 890 2215 subinde
902 2174 1039 2220 curvatus
1049 2172 1075 2231 ,’

383 2241 420 2299 ab
431 2236 537 2297 accolis
547 2237 701 2316 rigantibus
711 2235 844 2313 carpitur.
857 2234 898 2295 Ea
909 2258 994 2297 causa
1005 2258 1068 2312 est,-

383 2339 435 2381 cur
453 2336 551 2377 tenues
569 2316 713 2391 reliquias
723 2315 782 2392 jam
802 2314 862 2375 sine
883 2319 1006 2377 nomine
1028 2320 1061 2382 in

384 2411 464 2458 mare
481 2396 604 2455 emittat.
624 2393 723 2454 Multis
737 2399 834 2471 praeter
853 2394 905 2454 hos
923 2396 1060 2458 amnibus

382 2494 485 2541 rotare
508 2476 536 2534 ὀ
548 2474 702 2540 dividitur,
720 2474 768 2533 sed
778 2474 972 2554 ignobilibus,
987 2478 1059 2554 quia

382 2575 443 2630 pon
463 2578 478 2623 a
499 2573 535 2613 eo
552 2552 727 2626 interfluunt.
749 2552 885 2614 Ceterum
906 2561 969 2631 q'uae
984 2567 1070 2633 pro-s³

382 2637 465 2714 piora
483 2650 547 2706 sunt
564 2633 657 2701 mari,
677 2632 823 2708 aquilones
834 2635 967 2712 'maxime
984 2638 1070 2701 deu-.-

383 2733 467 2789 punrr
478 2714 499 2773 ii
509 2710 627 2773 cohibiti
637 2711 709 2791 jugis
718 2712 861 2784 monrium
871 2713 910 2772 ad'
916 2714 1060 2786 interiora

382 2816 444 2856 non
457 2806 605 2872 penetrant
616 2833 627 2861 ,
646 2791 686 2851 ita
698 2792 804 2851 alendis
817 2792 940 2873 frugibus
959 2796 1069 2862 mitia.-

384 2875 440 2934 Sed
449 2874 525 2946 ,adeo
540 2874 569 2931 in
580 2872 629 2930 illa
639 2871 724 2950 plaga
741 2871 862 2931 mundus
875 2888 960 2933 statas
976 2883 1068 2938 tem-²

381 2957 488 3040 porum
505 2952 582 3041 licjes
600 2967 692 3042 mutat
702 2992 714 3032 Ι
735 2968 767 3014 ut
782 2972 849 3015 curn
867 2952 1065 3045 alia-ferma¹
