2625 4017
364 562 436 622 3„-
543 540 586 619 Q.
624 540 884 604 eustati·

363 643 453 703 oblita
474 643 621 709 serviunt,
639 641 740 718 quibus
756 641 982 718 imperaventns.
1003 635 1044 705 Et

362 742 456 784 cereta
467 723 579 798 quidem
591 740 741 798 pacaverat
751 742 812 783 rex.

401 801 452 861 Cn
462 820 491 861 e.
504 800 565 861 XI.
580 803 647 860 Una
665 820 726 861 erat
742 822 842 877 petra,
864 821 952 875 quam
967 798 1040 860 Ari·
1113 834 1117 844 ·

363 901 460 946 mazes
470 881 628 960 Sogdianus
641 902 710 940 curn
719 900 783 939 xxx
795 880 922 939 millibus
939 900 1040 939 arma·

365 980 460 1023 tontm
472 964 617 1020 obtinebat
627 981 638 1030 ς
648 959 791 1019 alimentis
799 978 866 1020 ante
874 959 1038 1038 congestis,

363 1062 426 1121 quae
443 1057 526 1101 tante
550 1040 724 1099 multitudini
748 1039 796 1098 vel
817 1060 867 1114 per
888 1037 1052 1102 biennium-

364 1139 554 1197 suppeterent.
566 1120 648 1179 Petra
659 1120 689 1177 in
701 1117 879 1178 altitudinem
890 1138 955 1177 xxx
966 1119 1043 1177 erni·

365 1218 415 1261 net
431 1200 541 1268 stadia,
560 1200 712 1259 circumitu
728 1219 745 1257 c
760 1216 788 1256 et
802 1220 819 1256 ι
834 1198 1042 1275 complectitur

363 1280 487 1356 undique
506 1280 624 1338 abscissa
644 1298 673 1338 et
689 1280 829 1353 abrupta,
851 1278 952 1337 semita
973 1298 1044 1354 per·

364 1378 482 1439 angusta
500 1360 598 1418 aditur.
618 1361 650 1417 ln
669 1358 764 1416 medio
782 1356 933 1415 altitudinis
947 1357 1042 1431 spatio

364 1436 450 1497 habet
461 1458 585 1514 specum,
597 1438 678 1511 cujus
687 1458 718 1494 os
727 1456 836 1495 arctum
847 1453 876 1517 et
885 1438 1043 1496 obscurum

366 1536 427 1587 est3
442 1518 578 1593 paulatim
590 1517 688 1575 deinde
705 1516 839 1575 ulteriora
856 1514 1041 1591 panduntur:

365 1598 467 1660 ultima
479 1597 566 1657 etiam
579 1599 652 1655 altos
666 1613 788 1655 recessus
803 1594 919 1655 habent.
930 1592 1054 1658 Fontes.

365 1696 419 1755 per
432 1694 526 1735 totum
543 1677 600 1735 fere
618 1696 732 1752 specum
749 1693 887 1746 manant;
908 1676 1043 1748 equibus

366 1758 479 1816 collate
508 1776 587 1831 aquae
607 1776 657 1833 per
683 1774 774 1831 prona
798 1755 905 1813 montis
930 1751 1042 1813 flumen

366 1835 511 1895 emittunt.
523 1836 655 1894 Rex-loci
667 1831 830 1893 difficultate
843 1850 966 1909 spectata
979 1852 1055 1897 sta-⁴

367 1931 459 1974 tuerat
480 1914 545 1972 inde
562 1916 639 1973 abire
657 1938 666 1973 ε
687 1912 799 1990 cupido.
810 1912 909 1972 deinde
926 1911 1044 1974 incessit

366 1992 466 2053 animo
477 2014 607 2051 naturam
620 2014 733 2069 quoque
744 1990 889 2071 fatigandi.
901 1992 981 2051 Prius
995 2011 1044 2051 ta·

367 2081 434 2132 nien
443 2094 527 2149 quam
538 2073 679 2131 fortunam
690 2071 842 2131 obsidionis
853 2071 1041 2147 experiretur,

367 2150 490 2229 Cophan
504 2157 517 2225 (
529 2151 662 2211 Artabazi
677 2152 723 2210 hic
734 2151 808 2209 filius
819 2153 902 2221 erat)
917 2151 994 2209 misit
1003 2150 1056 2210 ad-

366 2232 499 2291 barbaros
511 2272 520 2300 ‚
531 2233 579 2306 qui
592 2232 738 2299 suaderet,
752 2249 780 2287 ut
793 2226 922 2287 dederent
931 2250 1044 2307 rupem.

364 2311 515 2371 Arimazes
532 2312 600 2369 loco
621 2313 706 2370 fretus
727 2311 843 2384 superbe
866 2310 957 2368 multa
980 2329 1043 2367 res-

365 2391 477 2466 pondit.
498 2390 542 2448 Ad
562 2392 695 2449 ultimum
714 2410 749 2447 on
765 2385 927 2447 Alexander
944 2384 1043 2449 volare

361 2469 483 2549 possit?
506 2470 670 2548 interrogat.
685 2467 758 2543 Quae
776 2467 903 2527 nuntiata
920 2467 980 2547 regi
999 2467 1042 2528 sie

364 2550 518 2609 accendere
530 2550 678 2615 animum,
689 2566 721 2606 ut
733 2544 861 2605 adhibitis
874 2587 883 2612 ‚
894 2568 960 2606 curn
974 2548 1044 2621 qui-

364 2628 416 2687 bus
425 2630 585 2687 consultare
596 2645 655 2687 erat
673 2628 790 2695 solitus,
810 2625 1038 2686 indicaretinso-

364 2703 479 2766 lentiam
492 2705 599 2765 barbari
614 2749 623 2775 ,
637 2704 772 2765 eludentis
784 2705 859 2783 ipsos
871 2745 880 2774 ‚
894 2704 959 2782 puin
968 2724 1042 2782 pen·

364 2806 418 2853 nus
437 2806 492 2845 non
503 2784 642 2845 haberent.
663 2782 701 2844 Se
713 2801 804 2843 autem
813 2783 938 2862 proxima
957 2802 1052 2845 nocte.

364 2862 546 2944 effectuum,
567 2882 596 2922 ut
618 2862 742 2924 crederet
758 2862 928 2923 Macedones
952 2860 1064 2921 etiem⁴

363 2942 468 3010 volam.
493 2942 664 3014 Trecentos,
691 2944 804 3021 iuquit,
825 2941 1041 3025 pernicissimos
