2625 4017
411 554 596 621 LIBER
649 556 723 620 IV.
847 566 898 624 181

237 662 286 723 bus
309 655 440 719 solemne
457 674 518 717 etat
537 656 677 718 ludicrum
695 656 904 732 Isthmiorum,

238 738 313 819 quod
333 754 479 799 conventu
497 736 582 797 totius
603 736 721 801 Graeciae
739 740 908 807 celebratur.

239 820 269 879 ln
280 838 318 880 eo
330 815 458 878 concilio
469 854 479 884 ,
491 834 522 877 ut
535 833 598 875 sunt
608 814 776 880 Graecorum
791 837 909 899 tempo·,

239 896 311 958 raria
321 896 458 976 ingenia,
475 895 648 963 decernunt,
669 913 698 954 ut
709 894 874 961 duodecimi
890 931 908 946 -

236 993 373 1056 gerentur
391 972 427 1033 ad
444 994 557 1052 regem,
578 973 623 1051 pni
641 973 673 1031 ob
690 995 734 1034 res
751 997 800 1056 pro
818 977 910 1039 salute

223 1052 364 1119 Graciae
381 1073 414 1112 cc
432 1051 558 1111 libertate
570 1070 690 1130 gestos,
714 1075 838 1116 coronam
857 1078 909 1117 au·

240 1154 317 1194 ream
335 1129 434 1190 donum
449 1130 572 1191 victorie
581 1129 704 1205 ferrent.
721 1134 810 1193 lidcm
822 1138 910 1213 paulo

243 1232 309 1273 ante
323 1212 437 1271 incertae
449 1210 530 1269 famae
546 1227 727 1289 captaverant
743 1234 861 1282 auram,
882 1232 914 1275 ut

241 1309 426 1371 quocumque
441 1289 592 1367 pendentes
607 1290 719 1349 animos
732 1292 839 1353 tulisset
851 1295 915 1355 for-

243 1390 330 1438 tuna,
340 1386 530 1445 sequerentur.
542 1369 676 1432 Ceterum
686 1391 745 1429 non
754 1371 813 1450 ipse
823 1374 914 1434 modo

245 1472 295 1511 rex
318 1449 417 1508 obibat
437 1449 541 1519 urbes,
570 1447 681 1524 imperii
701 1450 800 1530 jugum
823 1451 916 1514 adhuc

246 1545 428 1599 recusante53
451 1526 498 1585 sed
518 1546 647 1605 pretores
667 1550 779 1606 quoque
797 1531 915 1607 ipsius,

248 1607 356 1687 egregii
372 1607 478 1674 duces,
497 1610 629 1682 pleraque
643 1605 813 1671 invaserant.
830 1610 917 1671 Calan

248 1686 498 1767 Paphlagoniam,
525 1686 687 1765 Antigonus
710 1684 885 1762 Lycaoniam
906 1712 917 1751 ι

248 1766 383 1829 Balacrus
410 1764 509 1824 ldarne
533 1781 650 1841 praetore
675 1764 758 1825 Darii
786 1786 919 1842 superato

250 1843 468 1920 Miletumcepit
480 1865 488 1902 ι
499 1840 727 1920 Amphoteruset
734 1842 921 1924 Hegelochus

250 1942 367 1986 centum
393 1921 536 2001 sexaginta
559 1922 677 1981 navium
702 1924 789 1983 classe
815 1926 921 1990 insulan

251 2005 325 2065 inter
344 2000 488 2061 Achaiam
505 2018 589 2077 atque
607 2000 707 2060 Asiam
728 2001 758 2060 in
780 2002 926 2067 ditionem·

250 2080 409 2143 Alexandri
422 2080 597 2160 redegerunt.
608 2080 729 2141 Tenedo
746 2103 858 2160 quoque
874 2104 929 2147 re-.

253 2179 358 2240 cepta,
378 2157 504 2227 Chium,
522 2158 624 2220 incolis
638 2160 713 2224 ultro
728 2164 894 2224 vocantibus
908 2202 921 2235 ,

254 2237 930 2315 scamerantoccuparetsedPharnabazusDarii.

255 2336 377 2397 praetor,
396 2316 606 2393 comprehensis
616 2318 663 2392 qui
679 2337 721 2376 res
736 2318 770 2377 ad
787 2321 929 2380 Macedo«

257 2421 308 2465 nas
321 2395 488 2468 trahebant;
503 2417 593 2455 rursus
609 2395 776 2470 Apollonidi
791 2416 819 2455 et
833 2398 930 2461 Atha·.

257 2497 371 2557 nagorae
383 2496 495 2536 suarum
510 2474 629 2551 partium
643 2472 729 2541 viris,
743 2477 841 2534 urbem
857 2498 933 2543 cum,

257 2556 376 2617 modico
398 2553 523 2630 pracsidio
540 2552 664 2613 militum
685 2551 778 2613 tradit.
801 2554 932 2624 Praefecti
961 2569 963 2573 ‘

259 2633 415 2697 Alexandri
424 2633 452 2691 in
462 2630 933 2711 obsidioneurbispersevcrabant;·

260 2732 397 2774 nontam
419 2712 473 2772 suis
492 2712 596 2771 viribus
606 2750 616 2777 ‚
636 2730 722 2785 quam
734 2710 859 2786 ipsorum
878 2718 934 2790 qui

259 2792 623 2858 obsidebantutvoluntate.
636 2787 700 2847 Nec
709 2788 934 2872 fefellitopinio.·
1021 2843 1029 2862 .

262 2872 397 2948 Namque
411 2869 484 2928 inter
493 2867 699 2945 Apollonidem
714 2886 742 2926 et
754 2869 838 2931 duces
851 2874 935 2938 mili·‚

264 2970 326 3017 tum
350 2967 412 3013 orta
434 2948 555 3021 seditio,
578 2948 750 3032 irrumpendi
773 2948 804 3013 in
828 2953 940 3036 urbemi
