2625 4017
393 607 451 675 3²⁰
571 591 614 673 Q.
654 593 896 659 CURTII

390 691 503 755 machus
515 689 553 755 ad
563 714 623 753 eum
634 692 781 755 detulisset
792 692 953 754 indiciam?
969 694 1066 773 Atque

390 774 444 832 illo
455 772 560 833 fatente
571 811 581 839 ‚
587 774 647 850 jam
658 773 770 833 tertium
782 792 844 833 este
853 793 866 844 ;
876 771 1043 834 existimans
1054 807 1064 844 ,

390 851 465 912 haud
483 850 646 929 incorrupta
664 851 719 911 fide
739 869 829 943 tanto·
840 868 905 930 post
926 852 1035 912 deferre
1054 886 1065 922 ‚

390 951 452 1009 quae
468 928 611 1000 audierat,
629 928 731 990 vinciri
749 950 809 990 eum
821 930 908 1008 lussit.
924 929 979 990 Ille
1002 931 1065 991 cla·

390 1009 492 1070 mirare
511 1008 619 1085 coepit,
642 1007 736 1067 eodem
755 1009 884 1088 temporis
903 1026 1065 1078 momento,

391 1107 443 1166 aaa
461 1083 607 1156 audisset,
627 1084 664 1147 ad
680 1084 812 1147 Philotan
831 1086 1013 1149 decurrisse:
1028 1085 1063 1147 ab

391 1185 425 1225 eo
443 1182 658 1256 percontaretur.
679 1164 741 1226 Rex
762 1167 833 1225 item
853 1186 999 1243 quaerens,
1026 1185 1064 1226 aa

392 1241 525 1304 Philotan
536 1242 668 1304 adisset?
686 1264 721 1303 aa
732 1242 884 1304 institisset
896 1243 921 1302 ei
934 1283 944 1312 ,
959 1260 989 1303 ut
998 1262 1066 1324 ptr·

328 1355 330 1357 ·
392 1322 499 1384 veniret
510 1320 615 1383 adse?
632 1342 826 1400 perseverante
843 1342 879 1382 eo
897 1319 1063 1393 affirmare,

392 1422 454 1479 quae
473 1401 601 1473 dixerat3
624 1422 724 1461 manus
743 1403 777 1461 ad
794 1403 900 1463 carlum
917 1401 1036 1463 tendens
1053 1436 1066 1471 ‚

391 1479 570 1539 manantibus
579 1479 727 1557 lacrymis,
739 1478 810 1540 hanc
819 1478 874 1539 ridi
885 1499 903 1537 a
913 1478 1065 1540 carissima

390 1555 525 1635 quondam
540 1556 687 1618 amicorum
699 1554 816 1619 relatam
825 1557 947 1637 gratiam
957 1578 1064 1635 quere·

384 1636 484 1697 batur.
507 1636 584 1697 lntet
603 1637 662 1697 haec
679 1637 831 1714 Dymnus,
852 1635 926 1697 haud
949 1637 1065 1718 ignarus

393 1736 480 1792 quarn
492 1717 530 1775 ob
542 1737 655 1777 causam
671 1735 857 1785 accerseretur
868 1737 885 1776 a
895 1734 983 1796 rege,
999 1717 1065 1797 gla-

391 1794 463 1863 dio,
485 1815 542 1871 quo
563 1795 636 1855 forte
654 1810 715 1856 etat
732 1796 862 1862 cinctus,
887 1793 1011 1875 graviter
1031 1812 1062 1856 se

391 1873 523 1933 vulnerat
533 1893 542 1943 3
557 1892 729 1950 occursuque
740 1874 893 1934 satellitum
904 1872 1062 1942 inhibitus,

390 1951 528 2028 perfertur
547 1952 577 2010 in
596 1952 715 2042 regiam.
732 1951 834 2028 'Quem
853 1952 964 2014 intuens
984 1971 1062 2020 rex,

390 2026 461 2106 quod
472 2068 482 2097 ‚
495 2029 605 2106 inquit,
620 2050 650 2089 tn
662 2047 708 2099 te,
722 2030 847 2111 Dymae,
862 2048 967 2091 tantum
980 2029 1063 2110 cogi·

390 2105 451 2167 tavi
460 2104 540 2182 nefas
546 2127 597 2179 ;ut
605 2107 655 2170 ribi
664 2107 942 2188 Macedonumregno
950 2108 1064 2188 dignior

390 2181 520 2245 Philotas
539 2206 582 2247 me
598 2208 699 2265 quoque
717 2187 777 2267 ipso
794 2186 959 2248 videretur?
973 2190 1064 2248 lllutn

391 2262 452 2342 jam
468 2266 607 2327 defecerat
624 2283 702 2327 vox.¹
714 2268 811 2344 ltaque
830 2267 906 2326 edito
920 2267 1031 2347 gemitu
1050 2305 1060 2336 ‚

390 2344 528 2422 vultuque
542 2362 719 2423 aconspectu
730 2347 801 2427 regis
812 2364 911 2406 averso
922 2386 932 2413 ,
945 2344 1063 2406 subinde

386 2423 528 2500 collapsus
538 2424 720 2505 extinguitur.
734 2425 817 2493 Rex,
839 2423 951 2483 Philota
964 2424 1061 2484 venire

391 2496 423 2559 in
436 2501 541 2580 regiam
554 2504 649 2576 iusso,
672 2500 822 2563 Cebalinus
834 2516 852 2571 ‚‘
860 2503 971 2580 inquit,
992 2500 1063 2563 ultis

392 2596 466 2638 mum
477 2581 637 2661 supplicium
651 2582 784 2650 meritus,
799 2579 826 2640 si
841 2580 870 2641 in
881 2602 913 2641 ca
931 2598 960 2639 ut
973 2599 1063 2639 meum

387 2675 558 2736 preparatas
569 2659 690 2719 insidias
700 2659 780 2719 biduo
792 2660 863 2722 texit
874 2679 886 2732 ;
905 2600 985 2738 ditius
1003 2658 1065 2719 cri·¹

391 2734 478 2796 minis
498 2758 573 2797 reum
593 2734 724 2799 Philotan
741 2738 908 2799 substituit.-
928 2735 964 2797 ad
983 2756 1065 2814 quem

387 2814 515 2894 protinus
525 2816 659 2877 indicium
670 2815 801 2877 detulisse
812 2839 843 2878 re
853 2814 984 2894 affirmat.
996 2811 1063 2890 Quo

387 2892 516 2970 propiare
524 2894 617 2973 gradu
627 2894 760 2955 amititia
772 2916 813 2957 me
824 2894 987 2973 contingis,
1010 2892 1062 2953 itae

214 2971 221 2986 ·
250 2983 256 2993 ·
281 3000 284 3005 -
364 2971 481 3056 *majus
498 2971 792 3040 estdissimalatiunis
808 2972 1011 3058 tuafacinuss‘
1035 2989 1067 3060 ‘P
