2625 4017
463 549 653 632 bruun
704 567 775 632 ru.
900 577 961 643 2'09'

282 665 405 732 modum
422 668 584 749 respondit:
597 666 737 729 Nuntiate
753 666 868 739 Dario,
890 681 956 739 τηε,Ι

281 747 475 830 patefecerim
496 748 641 809 clementer
660 764 687 807 et
709 746 878 817 liberaliter,
901 769 965 811 nan·

281 826 418 891 amicitia
433 829 492 908 ejus
508 826 642 888 tribuisse
651 844 666 899 ;
685 825 736 887 sed
753 842 858 887 natura
876 848 957 893 meoe.

281 904 393 984 bellum
423 926 483 967 cum
512 904 631 985 captivis
660 920 688 964 et
706 903 827 982 seminis
855 909 967 989 gerere¹

281 1006 337 1047 non
366 983 452 1047 soleo.
485 982 617 1044 Armatus
645 982 685 1042 sit
716 1002 847 1064 oportet,
876 1006 956 1066 quem

281 1064 397 1126 oderim.
420 1059 504 1145 Quod
526 1062 554 1122 si
573 1060 671 1122 saltem
693 1082 788 1141 pacem
806 1061 875 1124 bona
889 1062 955 1144 fide

301 1160 419 1217 eteret3
444 1140 622 1203 deliberarem
638 1139 763 1215 forsitan
785 1162 821 1201 an
848 1142 953 1207 dorem·

310 1242 385 1283 erum
396 1222 470 1284 enim
481 1241 566 1290 uero,
587 1239 649 1279 cum
665 1218 742 1280 modo
759 1218 864 1280 milites
878 1241 956 1283 mear

282 1300 377 1362 literis
397 1300 434 1362 ad
454 1298 658 1380 proditionem,
685 1297 765 1359 modo
786 1298 890 1360 amieos
915 1300 956 1364 ad

276 1378 431 1464 perniciem
445 1400 532 1439 meam
539 1377 662 1470 pecunia
675 1376 808 1438 sollicitet
823 1404 834 1438 :
851 1378 887 1439 ad
904 1379 958 1441 ιἠ·Ι

280 1458 465 1521 remecianem
478 1457 545 1519 milri
557 1455 763 1536 persequendus
777 1474 835 1527 ert,
854 1478 907 1519 non
923 1477 955 1520 ua

278 1540 374 1619 justus
395 1537 505 1608 ltostis,
526 1535 577 1597 sed
592 1552 622 1623 ut
636 1554 785 1616 percussor
801 1534 955 1617 veneficus.

283 1616 466 1679 Conditiones
477 1635 540 1677 uero
550 1634 651 1695 pacit,
667 1613 845 1691 quassatis,
866 1616 891 1676 si
903 1631 955 1679 aa·'

281 1715 403 1778 cepero‚·
421 1695 553 1757 victorem
571 1712 631 1751 eum
646 1689 772 1766 faciunt.
795 1689 868 1773 Qua
889 1711 956 1774 port

281 1773 441 1856 Eupbraten
452 1790 537 1840 sunt,
553 1768 705 1838 liberaliter
716 1770 799 1831 donat
812 1798 821 1830 .·
835 1772 883 1832 ubi
896 1772 955 1854 igit
969 1847 971 1851 .

281 1859 329 1915 tu'r
347 1874 390 1915 me
409 1850 564 1935 affamini?
585 1869 680 1931 nempe
700 1848 772 1910 ultro
792 1847 953 1931 Euplrrateu

280 1954 362 2025 sume
382 1928 521 1993 &marum
538 1949 602 2009 ergo
623 1927 697 1989 datis
715 1944 794 2010 purim
810 1930 954 2071 ppomittit

281 2030 427 2073 terminum
447 2028 538 2072 castra
559 2028 619 2068 meo
638 2027 792 2072 transeunt.
820 2032 886 2071 -rnc
908 2029 953 2071 me

280 2090 431 2173 depellite,
446 2109 476 2149 ut
490 2088 580 2150 sciam
592 2105 713 2149 uestrum
728 2107 807 2157 este,
823 2088 892 2169 quod
903 2109 970 2170 σεχ

280 2170 362 2232 ditis.
383 2168 490 2229 Eadem
509 2166 675 2228 liberalitate
699 2166 748 2228 dat
772 2167 839 2228 milti
854 2166 966 2249 filiam'

280 2269 362 2311 suam
381 2275 394 2310 .·
413 2268 510 2329 nempe
526 2266 608 2326 quam
626 2246 686 2308 reio
706 2246 791 2307 alicui
813 2263 953 2311 serrorum

280 2348 390 2389 suorum
404 2346 558 2407 nupturam.
571 2325 692 2386 Multum
706 2345 769 2387 uero
784 2326 851 2386 milti
863 2347 952 2408 prasi

280 2424 343 2476 tat,
354 2406 388 2497 ‘si
402 2404 568 2497 meddazaeo
577 2425 709 2485 generum
719 2406 852 2496 praeponit
863 2414 877 2468 l
885 2404 928 2466 lte
940 2445 951 2477 ‚

279 2502 408 2547 nuntiate
417 2504 477 2565 regr
486 2501 602 2555 aestro‚·
615 2501 644 2544 et
653 2505 712 2563 quoe
725 2501 838 2555 ament,
853 2502 881 2545 et
891 2501 954 2565 qum

279 2563 476 2633 adunemur,
488 2562 605 2643 praemia
614 2583 675 2623 esse
685 2561 768 2624 belli:
778 2562 830 2624 boc
838 2579 954 2644 regente

279 2642 425 2721 utriusque
439 2640 572 2703 terminos
586 2641 688 2722 regni,
704 2641 735 2701 id
751 2662 880 2722 quemque
900 2643 953 2703 lta-

279 2721 400 2782 biturum
410 2764 425 2792 ,
443 2720 512 2801 quod
526 2722 664 2800 proxima
682 2720 756 2781 lueis
770 2720 952 2801 assignatum

271 2798 392 2877 sorem
402 2798 490 2863 esula
545 2800 764 2878 tirespondent3
779 2820 841 2861 eum
851 2800 965 2860 bellum

279 2879 311 2940 ia
328 2881 420 2939 animo
433 2819 600 2955 sitflbaere
611 2902 672 2941 eum
682 2878 864 2961 rimuliciter,
880 2877 953 2959 quod

280 2978 333 3041 spe
345 2958 427 3043 pacis
445 2978 502 3023 uon·
518 2956 715 3037 frustraretur.
734 2958 814 3044 Ipsos
828 2976 952 3041 petere,

855 3059 879 3123 S
