2625 4017
397 534 445 587 IN
481 534 518 597 Q·
552 535 755 587 cuntium
804 538 833 591 1..
867 542 889 591 l·
960 552 993 590 ιι

322 620 485 683 Demaratus3
503 625 660 688 Megarenses
680 623 844 683 Ptoeodorus,
864 624 994 687 Helisus,

322 688 448 749 Perilaus3
466 691 613 741 Eubctcnscs
629 688 803 754 Hipparchus,
825 691 965 744 Clitarchus
982 732 992 755 ,

321 772 345 807 et
357 757 526 815 Sosistratus,
548 773 595 807 suae
611 756 701 821 quique
720 756 828 808 civitatis
844 758 994 824 principes,

321 824 486 875 conciliabant
500 842 508 874 ι
521 824 660 889 Olynthum
675 824 835 891 Euthycraten
848 841 874 876 et
887 828 994 878 Lasthe-

320 907 359 941 nes
371 891 552 969 prodiderant.
555 896 606 941 Una
617 896 791 955 Spartanorum
804 892 891 945 civitas
901 895 990 947 veteris

321 957 453 1026 disciplinae
462 958 566 1025 egregie
578 974 665 1036 tenax,
679 974 706 1008 et
713 958 882 1022 proditionis'
876 963 993 1014 immunis

320 1022 372 1076 nis.
390 1029 439 1077 Sed
455 1044 511 1076 curn
522 1024 716 1089 imperiototius
726 1026 841 1077 Gracia
834 1028 993 1090 immineret,

320 1093 508 1144 Atheniensium
521 1093 627 1143 maxime
636 1109 701 1170 opes
709 1109 798 1171 morari
792 1094 928 1146 destinata
937 1112 992 1147 cer

321 1162 405 1221 nebat,
417 1178 463 1211 nec
473 1159 592 1211 deerant
585 1176 610 1209 ιιι
620 1158 740 1219 civitate,
742 1160 795 1238 qui
810 1178 848 1211 res
864 1162 916 1211 ad
910 1181 990 1226 ipsum

322 1228 464 1286 traherent,
490 1230 533 1278 scd
551 1228 684 1292 populus,
708 1226 749 1291 qui
767 1227 851 1278 omnia
866 1243 990 1291 poterat,

322 1292 460 1362 impellente
469 1295 653 1353 Demosthene,
663 1310 749 1344 contra
755 1295 920 1344 Macedonum
930 1313 991 1359 opes

321 1357 461 1413 nitebatur:
459 1361 626 1439 crebrisque,
642 1376 671 1411 ut
680 1377 866 1427 interponentes
876 1379 991 1423 vicinos,

322 1430 543 1489 contentionibus,
568 1428 695 1505 ingenium
719 1428 828 1495 Philippi
852 1428 990 1490 callidum,

322 1500 408 1555 audax,
434 1512 460 1548 et
477 1497 512 1547 ob
529 1494 724 1546 dominationem
742 1494 798 1547 fidei
812 1500 926 1563 fameque
943 1515 988 1549 ne·

321 1565 413 1630 gligens
423 1579 590 1630 cognoverat.
600 1562 709 1614 Maxime
718 1564 892 1631 urebatregem
903 1582 991 1618 recens

323 1633 390 1683 dolor
396 1632 484 1710 quod
494 1632 525 1681 ad
532 1630 693 1707 Byzantium
703 1630 891 1685 Atheniensium
901 1650 989 1698 opera,

321 1716 359 1775 spe
370 1718 412 1751 sua
425 1698 581 1751 excidisset:
593 1697 634 1763 qui
647 1715 698 1748 non
710 1698 785 1749 modo
799 1716 895 1778 centum
912 1717 937 1751 et
949 1701 988 1752 vi·

322 1766 378 1831 giuti
393 1767 495 1819 navium
512 1768 614 1817 classem
629 1764 734 1815 obsessis
746 1765 838 1817 auxilio
854 1766 990 1829 miserante

322 1837 359 1883 scd
372 1851 397 1885 et
413 1834 485 1885 Chiis
494 1832 649 1898 Rhodi-isque
662 1834 745 1883 eadem
756 1834 860 1884 audendi
875 1851 989 1888 auctores

321 1905 418 1955 riserant
427 1902 510 1968 Igitur
520 1902 577 1952 dum
587 1901 843 1965 percuraturvuinus'
836 1918 861 1951 ιιι
869 1901 987 1956 Triballis

320 1985 461 2035 acceptum,
473 1968 838 2047 omqiaoccultepraparabat,
850 1970 987 2047 qquthe·

321 2036 406 2089 nienses
421 2036 575 2101 improvisus
589 2035 751 2099 opprimeret.
773 2036 914 2087 Exercitum
927 2036 987 2090 reti-

321 2105 380 2156 nenti
401 2102 518 2155 obtentui
540 2119 609 2154 erant
623 2102 766 2182 lllyriorum
788 2102 916 2161 nationes,
936 2122 988 2182 qua

321 2172 414 2238 ingenio
430 2176 545 2230 feroces,
564 2188 589 2221 et
606 2170 734 2222 servitutis
746 2169 862 2231 insuete,
880 2170 988 2236 imposi-

321 2255 364 2290 tum
373 2256 452 2317 quper
462 2241 548 2304 jugum
564 2253 677 2288 excutere
688 2240 823 2290 tentabant
831 2244 859 2290 In
871 2255 913 2289 eos
922 2240 988 2290 Ale·
1015 2279 1021 2291 .

321 2310 402 2358 rander
416 2324 521 2364 missus,
534 2304 646 2355 barbaris
658 2304 719 2356 fissis
733 2306 871 2373 fugatisque
886 2324 938 2357 carn
954 2310 988 2358 de

320 2379 410 2439 iormna
421 2390 514 2451 atque
505 2373 598 2425 virtute
606 2390 648 2423 sua
657 2390 744 2449 spem,
761 2390 787 2425 et
796 2373 897 2440 reliquis
904 2372 987 2432 feeit,

321 2458 343 2492 ιι
350 2442 398 2507 ipse
408 2440 542 2520 concepit,
562 2442 644 2504 utiam
654 2440 706 2491 sine
716 2456 784 2505 patre
792 2441 862 2491 rebus
870 2440 990 2507 gerundis

320 2526 437 2574 asparem
454 2508 615 2559 existimaret.
632 2510 691 2558 Haec
709 2525 753 2571 per
766 2508 888 2559 biennium
906 2524 985 2586 gesta·

320 2577 440 2643 Philippus
457 2592 539 2627 autem
554 2575 694 2653 preparatis
708 2575 838 2636 omnibus,
856 2593 906 2642 que
922 2576 988 2629 olim

320 2646 478 2696 destinaverat
492 2644 597 2710 exequi,
612 2659 734 2695 maturum
750 2661 833 2703 ratus,
848 2643 986 2719 exoptatis·

319 2711 371 2762 sina
384 2713 520 2791 occasione
540 2712 643 2769 chiara,
661 2726 715 2761 ante
731 2710 831 2762 initium
846 2710 912 2762 veris
927 2728 987 2763 curn

318 2780 420 2842 exercitu
434 2780 460 2829 in
469 2778 589 2857 Gratiam
605 2776 694 2855 venit·
688 2812 695 2838 ‚
706 2778 851 2830 convocatis
864 2775 938 2829 etiarn
953 2795 986 2830 ex

317 2837 484 2913 Peloponneso
498 2846 581 2911 copiis
594 2844 731 2897 sociorum.
735 2846 840 2923 Quippe
861 2844 987 2909 Amphic-

317 2929 411 2981 ryonum
432 2917 535 2966 decreto
551 2927 648 2963 creatus
666 2929 720 2963 erat
734 2911 870 2977 imperator
883 2914 985 2963 Grato-

315 2997 382 3043 rurn,
400 2980 598 3035 utimolentiam
606 2983 760 3038 Locrorum,
774 2997 816 3045 qur
809 2978 983 3044 Amphissam
