2625 4017
406 565 467 635 32³
583 555 627 638 Q.
668 557 694 619 C
713 558 746 621 U
764 558 790 621 R
809 560 839 622 Τ
858 559 906 622 11

404 656 1078 742 'quagravioteminimicamnonltalui‚tororem

402 758 483 801 suam
509 737 538 797 in
565 736 767 797 matrimonium
792 736 880 800 dedit.
907 737 988 809 Hic,
1015 761 1077 802 cum

402 815 578 897 scripsissem
589 813 615 874 ei
626 856 637 884 ,
647 834 699 894 pro
706 815 769 892 jure
779 834 835 875 ram
838 814 1000 890 familiaris
1010 841 1077 880 usus

402 914 484 975 arque
494 892 644 962 amicitia,
654 893 743 970 qualis
753 914 813 953 sors
824 893 900 954 eclita
911 897 1076 960 essetJovis

403 973 568 1037 Hammonis
599 970 736 1041 oraculo,
761 971 895 1032 sustinuit
925 975 1076 1036 rescribere

403 1053 471 1115 milti
485 1079 495 1112 .-
509 1051 662 1128 sequidem
674 1053 807 1130 gratulari
819 1089 830 1120 ,
844 1053 919 1128 quod
929 1053 958 1111 in
972 1074 1075 1115 numer

402 1140 467 1204 ‘tum
476 1134 607 1192 Deorum
617 1147 744 1206 receptus
755 1150 844 1191 essem
854 1153 863 1190 ε
875 1149 1004 1192 ceterum
1017 1134 1075 1193 mie

402 1212 626 1276 sercri'eorutn,
646 1210 746 1285 quibus
765 1206 917 1273 vivendum
933 1229 1005 1271 esset
1021 1216 1073 1273 suls

401 1312 461 1359 eo,
478 1289 526 1368 qui
544 1287 662 1347 modum
680 1285 804 1345 hominis
821 1288 980 1351 excederet.
1000 1288 1073 1351 Haeo

401 1373 466 1429 sunt
486 1367 570 1427 etiarn
586 1363 673 1424 onimi
688 1363 793 1443 pridem
814 1365 964 1427 alienatio
985 1387 1027 1427 me
1045 1385 1074 1429 et

316 1501 319 1507 .
400 1446 553 1507 inridentis
572 1442 671 1522 gloria
690 1461 757 1501 mea
777 1442 883 1505 indicia
901 1471 910 1504 .·
928 1465 988 1522 quoe
1007 1446 1073 1525 pui-

400 1526 483 1595 tlem,
506 1522 632 1589 milites,
657 1518 777 1658 puandiu
798 1520 902 1592 licuit,
922 1522 953 1583 in
977 1524 1072 1586 animo

400 1625 459 1667 meo
469 1597 573 1685 pressi.
587 1598 657 1662 Vide
676 1618 709 1658 ar
722 1598 793 1658 enim
807 1598 874 1659 milri
884 1603 993 1681 'partem
1008 1602 1073 1664 uisa

398 1698 491 1747 terum
504 1700 624 1742 meorum
635 1676 815 1759 abrumpere;
828 1678 856 1738 si
866 1706 877 1748 5
892 1679 922 1739 in
933 1700 998 1758 quos
1011 1687 1071 1743 ruia

400 1776 502 1840 magno
519 1756 706 1826 contuleram,
726 1754 837 1815 uiliores
854 1757 921 1818 milti
930 1756 1072 1834 facerem,

397 1840 456 1910 'Sed
469 1843 594 1918 jamnon
610 1833 695 1896 uerba
706 1834 844 1913 punienda
859 1853 924 1895 sunt
933 1857 946 1909 ,·
963 1836 1070 1917 linguae

396 1918 540 1990 temeritas
548 1913 677 1995 peruenit
686 1912 722 1972 ari
730 1911 853 1991 gladios.
865 1912 946 1983 Hos,
958 1914 986 1975 si
998 1916 1070 1987 milti

399 1995 538 2067 creditis,
558 1990 687 2052 Pltilotas
702 1991 732 2051 in
748 2012 790 2051 me
806 1992 891 2056 acuit.
911 1990 945 2067 ld
963 1994 991 2055 si
1006 1995 1070 2075 ipse

393 2073 535 2142 maisit,
554 2090 604 2151 quo
621 2090 664 2130 rne
682 2067 843 2145 ronfhrarn,
866 2070 999 2133 milites?
1021 2074 1069 2138 cui

395 2171 482 2237 caput
503 2170 589 2221 meum
610 2147 748 2210 credam?
768 2147 933 2227 lipomani,
958 2150 1069 2233 optima

331 2297 335 2303 .
394 2232 540 2307 ‘exercitus
563 2227 666 2310 parti,
691 2226 863 2310 principibus
884 2228 1069 2293 nobilissima

390 2310 548 2398 ¹jurentutis
560 2305 762 2387 unumpraefeci
780 2333 790 2368 .·
809 2305 947 2378 salutem,
967 2328 1070 2390 spem,

393 2390 540 2460 uictoriam
562 2406 649 2448 meam
660 2383 735 2464 fidei
754 2386 813 2463 ejus
832 2384 976 2465 tutelaque
992 2407 1070 2449 corn-

390 2470 474 2550 'nisu
488 2467 599 2529 Patrem
611 2465 640 2525 in
654 2463 726 2523 idem
731 2462 901 2544 fastigium,
917 2465 947 2525 itt
960 2485 1011 2544 quo
1023 2487 1070 2528 me

391 2551 452 2635 'ipsi
460 2546 613 2630 posuistis,
625 2541 734 2625 admoui
745 2569 755 2603 .·
767 2542 911 2614 Mediam,
924 2564 977 2622 qua
989 2543 1069 2607 nulla

388 2625 547 2713 Topuietttior
555 2623 636 2703 regio
643 2639 687 2681 est
694 2642 707 2693 ,·
719 2640 759 2681 ror
768 2621 871 2682 ciuium
880 2623 1068 2703 sociorumque

396 2707 487 2773 millia
502 2704 614 2785 irnperio
623 2702 683 2791 ejus
692 2698 843 2779 ditionique
855 2700 971 2779 subjeci.
983 2700 1068 2791 {lncle

388 2778 557 2850 frenorum
583 2798 748 2861 petieram,
775 2778 926 2859 periculum
957 2797 1069 2845 extitit.

386 2808 491 2952 Quam
500 2860 627 2938 feliciter
644 2858 674 2917 in
690 2856 751 2918 acie
768 2858 953 2929 occidissem,
971 2858 1068 2938 potius

396 2944 486 3016 loiris
502 2936 619 3023 prada,
643 2948 722 3018 quam
743 2935 814 3008 ciuis
832 2936 970 3004 uictimari
992 2957 1068 3000 nuno

935 3052 1067 3117 serratus
