2625 4017
223 567 243 591 ·’
314 570 380 650 [348
502 563 545 646 Q.
585 561 834 628 CURTII

312 666 416 730 'cedere
440 662 531 735 urbe,
557 682 585 725 ec
605 663 716 725 rendere
742 662 776 723 in
800 684 911 747 cumpo.
943 660 998 730 Sed·

316 746 450 810 Perdicca
461 764 498 804 ne
508 745 613 823 pedites
621 744 737 822 quidem
748 762 898 805 secuturos
908 747 996 823 ipsunt

316 827 483 916 desperabat
500 848 509 885 t
526 824 621 901 itaque
640 844 677 884 ne
699 823 872 884 abducendo
894 826 998 915 equites.

317 909 493 982 abrupissea
513 923 610 966 cetero
629 903 758 966 exercitu
774 903 944 973 videretur,
967 924 996 964 ut
1019 941 1025 960 .

319 987 390 1047 urbe
405 983 535 1044 substitit.

361 1064 439 1125 Cur.
452 1062 536 1125 VIII.
548 1063 589 1121 At
599 1059 749 1139 Meleager
760 1080 864 1141 regem
881 1081 996 1124 monete

320 1163 384 1206 non
403 1141 528 1210 destitit,
546 1141 595 1219 jus
617 1138 726 1218 imperii
747 1136 900 1203 Perdiccoe
921 1159 998 1202 morte

321 1219 503 1285 sanciendum
521 1239 584 1280 esre
608 1245 618 1279 .·
644 1216 674 1277 ni
701 1237 853 1297 occupetur
872 1220 999 1301 impotens

321 1300 460 1372 unimus,
483 1319 528 1359 res
551 1316 722 1361 novaturum.
743 1295 924 1359 Meminisse
945 1319 1000 1360 tum

323 1379 390 1460 quid
403 1378 436 1439 de
450 1398 515 1457 rege
528 1376 695 1446 meruisset,
717 1375 864 1446 nerninem
875 1396 965 1438 autem
976 1378 999 1438 ci

324 1456 495 1537 sacisfidum
507 1477 568 1526 esse
580 1497 591 1521 .
611 1475 688 1535 quem
704 1473 822 1519 metuat.
840 1458 907 1518 Rex
917 1457 1001 1536 patie-

324 1540 407 1600 batur
426 1537 539 1619 magis‚
562 1556 648 1613 quam
664 1535 891 1599 assentiebatur.
908 1538 1007 1614 Itaque·

326 1619 476 1697 Meleager
493 1616 636 1675 silentium
657 1634 710 1690 pro
728 1614 858 1692 imperio
879 1616 1000 1685 habuis.

326 1698 458 1774 misitque
471 1694 545 1787 regis
559 1693 699 1761 nomine,
720 1694 770 1770 qui
785 1693 946 1757 Perdiccan
957 1716 1002 1756 ac·

326 1772 589 1837 cerserent.Itsdem
597 1771 780 1842 mandatum,
792 1790 824 1833 ut
836 1774 1001 1844 occiderent,

328 1854 356 1914 si
373 1856 469 1915 tenire
487 1851 635 1914 dubitaret.
655 1850 790 1911 Perdicca
802 1855 939 1914 nuntiato
961 1876 1003 1914 sa·

327 1934 453 1994 tellitum
465 1932 606 2000 adventu,
620 1930 762 1991 sexdecim
775 1932 905 1993 omnino
915 1932 1002 2011 pueris

328 2012 415 2092 tegite
431 2011 557 2071 cohortis
574 2010 725 2070 comitatus
740 2010 770 2069 in
784 2010 897 2079 limine
907 2015 1004 2073 domus

328 2112 385 2151 suae
404 2091 551 2163 constitit3
569 2090 796 2171 castigatosque,
816 2110 847 2151 et
864 2088 1005 2170 Meleagri

329 2170 469 2249 mancipia
485 2169 648 2229 idemtidem
666 2170 836 2247 appellans,
860 2170 903 2232 sic
920 2169 1005 2231 animi

329 2252 479 2327 vultusque
491 2248 649 2310 constantia
658 2249 778 2318 terruit,
796 2266 828 2309 ut
839 2248 893 2310 vix
906 2250 1005 2313 mentis

328 2347 479 2405 compotes
494 2329 633 2409 fugerent.
649 2326 782 2389 Perdicca
799 2350 909 2405 pueros
927 2346 1004 2409 equor

328 2408 410 2486 jussit
421 2405 605 2467 conscendere
616 2424 629 2476 ;
651 2422 684 2465 er
695 2427 760 2467 cum
773 2408 875 2483 paucis
893 2411 1003 2470 amico-

329 2507 394 2547 rum
405 2486 438 2547 ad
451 2485 631 2546 Leonnatum
642 2486 769 2561 pervenit
780 2508 794 2559 3.
803 2486 865 2563 jam
877 2488 1006 2548 firmiora

326 2565 459 2644 praesidio
469 2567 529 2626 vim
540 2566 751 2642 propulsaturus
761 2607 775 2635 ,
795 2566 818 2623 si
836 2568 902 2641 quis
917 2568 1005 2628 infer·

327 2664 382 2707 ret.
401 2645 518 2704 Postero
538 2643 583 2704 die
602 2644 717 2723 indigna
732 2665 776 2704 res
795 2644 1007 2716 Macedonibus

327 2725 493 2792 ridebatur,
512 2723 663 2783 Perdiccan
678 2722 711 2782 ad
723 2722 826 2783 mortis
839 2726 1003 2800 periculum

328 2804 477 2865 adductum
489 2825 499 2875 ;
518 2820 546 2861 et
559 2802 697 2882 Meleagri
709 2802 904 2864 temeritatem
919 2804 1003 2866 armis

323 2881 416 2941 uItum
429 2880 470 2942 ire
486 2882 677 2944 decreverant.
688 2880 783 2957 Atque
794 2880 846 2942 ifle
861 2883 1005 2944 seditione

317 2962 453 3042 prouisa,
473 2982 540 3028 cum
555 2982 655 3054 regern
671 2960 797 3036 adisses,
817 2961 1008 3047 interrogate
