2625 4017
474 539 664 605 ntuetr
706 540 831 607 v111.
926 552 986 623 μ,

316 640 352 704 ob
373 640 462 703 oculis
484 641 638 705 mortalium
660 642 774 704 amolita
795 660 896 706 notura
919 663 990 717 est,

316 742 399 803 quam
419 721 449 783 in
471 723 568 784 coelum
582 720 664 798 furna
684 722 852 803 perveheret.
873 721 990 785 Scilicet

318 821 370 890 ego
387 817 414 860 et
431 820 480 872 tu,
503 801 593 871 Cleo,
611 800 692 862 Deos
705 800 831 879 facimus
847 810 859 863 !
875 824 892 862 o
909 802 991 864 nobis

316 879 477 943 devinitatis
496 902 553 942 stote
565 880 757 941 auctoritatem
771 901 930 961 accepturus
946 899 991 943 est

315 978 370 1020 rex
389 967 401 1020 !
419 960 570 1041 potentium
587 977 662 1019 tuom
683 958 804 1040 experiri
824 958 903 1021 libet.
928 962 989 1023 For

316 1036 436 1127 aliquem
447 1060 539 1119 regem
551 1077 561 1107 ,
580 1037 606 1097 si
617 1036 711 1103 Deum
720 1036 904 1118 potesfacere
918 1037 991 1182 :go-

316 1115 401 1177 tiltus
414 1136 457 1179 est
469 1116 614 1199 imperium
626 1115 691 1177 dore
698 1158 710 1187 ,
723 1138 801 1196 quom
815 1116 920 1182 coelum.

312 1196 427 1277 propitii
440 1200 502 1257 sine
514 1194 643 1264 invidio,
668 1217 728 1276 quoe
740 1195 807 1258 Cleo
819 1196 916 1268 dixit,
937 1218 990 1257 ott·

316 1273 440 1346 dictitet,
458 1275 551 1337 eodem
569 1296 602 1334 ue
618 1296 718 1346 cursu,
735 1295 786 1355 quo
794 1275 906 1357 fluxere
918 1296 988 1349 res,

315 1354 358 1414 ire
375 1355 530 1435 potiantur.
585 1354 669 1416 ostris
692 1353 814 1415 moribus
832 1354 920 1417 velint
936 1359 989 1418 icor

316 1453 379 1493 esse
392 1453 544 1496 contentos.
555 1433 624 1495 Non
637 1432 722 1515 pudet
732 1434 855 1515 patrie,
873 1455 924 1495 nec
935 1433 989 1497 de·

314 1511 407 1573 sidero
419 1554 429 1581 ,
452 1512 487 1575 ot
501 1533 578 1594 quem
590 1514 697 1574 modum
714 1534 765 1574 rex
777 1512 845 1574 milui
857 1512 989 1578 colendus

314 1592 374 1661 sit,
396 1591 514 1657 discere.
537 1588 617 1668 Quos
638 1614 652 1652 e
671 1590 762 1653 uident
783 1593 902 1653 uictores
925 1613 989 1657 esse

314 1668 467 1749 confiteor,
489 1672 515 1732 si
533 1669 565 1731 ab
580 1670 640 1731 illis
654 1613 754 1749 ieger,
770 1670 990 1749 quisvivomus,

316 1749 479 1831 accipimus.
493 1750 591 1828 AEquis
603 1750 715 1810 auribus
726 1749 914 1812 Callisthenes
926 1753 991 1813 vel·

314 1829 357 1889 uti
381 1831 488 1891 vindex
511 1831 629 1908 publicae
654 1830 791 1889 libertatis
813 1831 993 1896 audiebatur·'

314 1908 497 1999 Euptesserat
515 1931 575 1971 non
596 1910 787 1970 assensionem
806 1911 918 1981 modo,
941 1908 990 1972 sed

314 2007 403 2081 etrum
414 2011 540 2060 vocem,
557 1989 702 2082 seniorum
714 1990 870 2081 nraeciqu
889 1990 990 2068 quibus

313 2088 408 2149 gravrs
419 2088 479 2131 erat
496 2087 643 2131 inveterati
656 2090 746 2128 mons
759 2089 874 2131 externa
888 2086 986 2131 muta·-

314 2149 369 2210 tio.
390 2148 455 2211 Nec
474 2150 626 2228 quidquam
639 2169 765 2219 eorum,
782 2172 843 2227 quae
863 2148 989 2210 invicem

316 2227 419 2305 jactata
432 2246 530 2298 erant,
542 2248 592 2290 rex
602 2228 771 2307 ignorabat;
786 2250 850 2292 cum
864 2244 928 2304 post
937 2247 991 2286 au·

315 2307 419 2377 lotam,
433 2330 493 2386 quse
505 2310 594 2368 lectos
605 2306 760 2365 obduxerat
771 2347 781 2377 ‚
794 2324 888 2367 staret.
901 2307 913 2363 l
934 2305 991 2366 itut

317 2386 350 2445 ad
360 2387 437 2467 Agin
446 2386 625 2448 etCleonem
631 2385 724 2453 misit,
738 2401 767 2443 ut
773 2404 897 2445 sermone
899 2326 989 2462 sinito

317 2463 449 2526 barbaros
467 2484 592 2534 tontum,
609 2484 671 2523 rum
689 2463 843 2534 intrasset,
863 2480 990 2543 procum·

316 2541 379 2603 bere
393 2565 442 2605 suo
456 2564 529 2607 more
545 2558 707 2626 paterentur
723 2569 733 2603 .·
751 2560 781 2604 et
796 2544 884 2629 paulo
903 2553 991 2621 posrj

317 2623 398 2699 quasi
411 2626 523 2701 potiora
541 2624 669 2701 quaedam
681 2622 802 2701 egisset,
822 2621 990 2684 convivium

319 2703 431 2779 repetit.
446 2702 544 2780 Quem
561 2704 757 2764 venerantibus
770 2702 879 2775 Persist
896 2699 991 2778 Polys-

316 2802 446 2861 percon,
465 2783 514 2860 qui
531 2785 652 2843 cubabat
666 2802 749 2859 super
762 2803 791 2842 re
813 2802 880 2850 em,
898 2799 1002 2854 utrum¹

318 2864 410 2922 exiis
433 2880 532 2922 mento
557 2862 772 2942 contingentem
792 2804 813 2919 i

317 2941 471 3014 ludibrium
483 2943 568 3022 coepit
577 2941 705 3012 hortari,
720 2959 750 3001 ut
761 2937 948 3003 uehementius
959 2931 993 3006 iti

966 1117 1082 1179 ii.

815 2882 916 2921 umum
940 2875 992 2935 per
1060 2915 1066 2927 ,
