2625 4017
445 558 781 629 nicanum.
892 575 951 645 sn

281 664 377 748 caligo
389 684 469 737 etat,
486 685 518 727 ut
528 665 643 728 aedificia
654 667 733 726 nulla
744 666 800 726 alia
811 684 854 726 res
867 685 955 742 quam

282 748 378 807 fumus
398 747 568 808 ostenderet.
590 746 638 805 Illi
663 763 809 823 nunquam
834 761 900 805 ante
923 744 956 805 in

283 826 363 885 terris
380 826 434 885 suis
453 825 560 885 advena
575 824 661 893 viso,
683 845 749 885 cum
767 842 891 885 armatos
906 828 955 886 ro·

282 923 368 982 pente
379 904 590 983 conspicerent3
601 904 757 964 exanimati
766 923 863 973 metu,
875 902 958 980 quid·

283 984 349 1060 quid
363 982 392 1041 in
408 984 524 1064 tuguriis
538 1001 615 1052 erat,
630 984 801 1045 afferebant:
815 1002 844 1041 uc
856 1002 955 1063 corpo-

282 1060 360 1122 ribus
376 1060 495 1139 ipsorum
509 1080 668 1142 parceretur
683 1082 805 1123 orantes.
823 1062 886 1122 Rex
902 1082 956 1142 ag·

283 1160 352 1202 men
374 1143 540 1202 circumibat
557 1141 660 1221 pedes,
674 1144 797 1221 jacentes
817 1139 955 1218 quosdam

283 1222 414 1301 crigens,
434 1240 462 1280 et
476 1222 569 1289 alios,
587 1242 653 1281 cum
669 1241 740 1303 agre
752 1238 955 1297 sequerentur,

282 1300 457 1364 adminiculo
477 1301 604 1378 corporis
625 1302 666 1361 sui
686 1300 842 1378 excipiens.
865 1298 954 1361 Nunc

282 1379 317 1439 ad
334 1381 424 1457 prima
442 1380 541 1460 signa3
566 1381 688 1439 nuncin
706 1379 858 1451 medium
876 1398 954 1444 nunc.

281 1459 311 1517 in
329 1460 437 1519 ultimo.
450 1482 463 1519 a
486 1460 564 1519 mine
579 1458 685 1520 itineris
701 1458 891 1538 multiplicato
904 1459 952 1520 la·

281 1541 351 1598 bore
361 1538 465 1600 aderat.
504 1538 606 1598 andem
616 1538 777 1599 adcultiora
785 1554 955 1616 perventum

280 1618 347 1677 loca
375 1635 439 1687 est,
462 1635 682 1694 commeatuque
706 1618 788 1698 largo
813 1633 953 1678 recreatus

282 1697 419 1758 exercitus
433 1720 442 1757 ε
458 1697 583 1760 simulet
604 1697 652 1773 qui
669 1696 803 1773 consequi
820 1716 879 1755 non
894 1715 962 1773 po-·

281 1794 414 1845 merant,
434 1776 463 1836 in
481 1776 530 1836 illa
547 1790 637 1837 castra
652 1793 802 1837 venerunt.
820 1775 888 1835 lnde
903 1795 956 1856 ag·

280 1876 347 1915 men
357 1854 492 1933 processit
499 1855 534 1916 ad
544 1854 703 1916 Caucasum
712 1872 842 1915 montem
852 1853 955 1931 ‚cujus

281 1935 395 1995 dorsum
409 1936 509 1996 Asiam
522 1953 660 2014 perpetuo
674 1935 742 2018 jugo
755 1933 873 1997 dividit:
886 1932 954 2004 hinc

280 2015 366 2075 simul
385 2036 486 2085 mare,
511 2016 586 2093 quod
605 2014 739 2076 Ciliciam
758 2014 854 2087 subit;
871 2013 953 2080 illine

281 2093 417 2172 Caspium
428 2096 530 2154 fretum
543 2133 552 2161 ‚
565 2111 593 2153 et
605 2115 720 2156 amnem
731 2096 847 2154 Araxen
858 2132 867 2160 ,
879 2094 952 2156 alia·

280 2194 336 2250 que
345 2174 469 2253 regionis
476 2171 595 2244 Scythia
603 2173 709 2234 deserta
718 2172 954 2250 spectat.Taurus

280 2254 407 2313 secunda
429 2251 630 2332 magnitudinis
653 2272 738 2313 mons
764 2251 955 2318 committitur

281 2332 433 2400 Caucaso,
454 2352 471 2391 a
486 2330 667 2409 Cappadocia
682 2351 711 2391 se
725 2332 859 2392 attollens
873 2328 952 2390 Cili-

279 2412 355 2473 ciam
372 2410 510 2489 praeterit,
525 2410 724 2487 Armeniaeque
735 2410 878 2472 montibus
889 2408 955 2488 iun'·

299 2492 365 2553 itur.
381 2491 428 2551 Sic
444 2490 517 2551 inter
533 2510 562 2550 se
574 2507 618 2549 tot
635 2490 700 2571 juga
718 2491 797 2551 velut
812 2489 883 2551 serie
898 2509 953 2552 co·

279 2511 412 2631 {arentia
435 2588 604 2648 perpetuum
624 2568 729 2629 habent
751 2569 865 2629 dorsum
880 2608 891 2637 ,
904 2590 953 2634 ox

279 2672 338 2728 quo
353 2650 427 2709 Asiae
443 2650 541 2710 omnia
556 2649 616 2709 fere
629 2648 763 2719 flumina,
777 2648 834 2710 alia
847 2648 877 2710 in
890 2649 954 2712 Ru-

279 2733 380 2798 brum,
396 2730 450 2789 alia
463 2730 493 2788 in
504 2728 639 2808 Caspium
651 2749 748 2798 mare,
765 2728 822 2789 alia
830 2727 860 2787 in
872 2728 951 2807 Hyc-

278 2830 383 2869 canum
397 2827 425 2869 et
441 2809 592 2870 Ponticum
602 2808 743 2871 decidunt.
755 2827 827 2868 nvn
839 2807 952 2869 dierunt

264 2889 370 2981 spatio
379 2887 538 2981 Caucasum
550 2889 691 2967 superavit
700 2887 848 2949 exercitus.
857 2888 953 2965 Rupes
982 2965 985 2970 .

279 2988 309 3030 in
324 2990 361 3034 eo
376 2989 397 3031 x
411 2970 442 3031 in
457 2970 606 3035 cucumitu
625 2969 713 3034 stadia
729 2966 951 3049 complentium,
