2625 4017
393 543 441 591 red
490 533 976 593 J.FRE1NSH.SUFPLEM0

389 628 493 687 cubuit,
511 627 629 679 fluctibus
639 625 761 691 operitur.
771 629 848 693 quue
856 627 942 695 hyeme
946 618 1069 706 frequens

390 708 417 749 tt
425 711 504 763 prope
512 711 657 762 perpetuum
669 710 714 748 est.
727 695 765 747 At
773 696 917 747 Alexander
927 694 1066 762 nihiloque

390 782 418 815 ac
439 782 533 815 moram
551 778 681 821 metuens,
701 762 835 828 exercitum
851 779 896 828 per
917 780 1001 841 equa,
1020 779 1065 828 pet

389 832 492 897 iniqua,
512 834 601 882 eodem
626 832 713 881 ardore
736 846 807 896 atque
830 831 922 895 impetu
946 830 1066 895 rapiebat.

390 900 510 952 Continui
520 915 564 964 per
574 916 617 949 eos
627 898 679 948 dies
694 900 780 949 Austri
791 898 929 959 flaverant,
944 897 986 977 qui
997 914 1066 950 mare

390 966 417 1018 in
426 967 486 1018 litus
494 968 680 1031 propellentes,
692 966 774 1015 omnia
784 965 879 1016 itineris
889 966 996 1033 vestigia
1006 967 1065 1018 altis

389 1034 519 1114 paludibus
530 1035 656 1098 opplent:
667 1033 764 1084 assidue
774 1034 848 1085 etiam
858 1052 998 1101 magnaeque
1007 1036 1065 1100 plu

389 1102 452 1164 viae,
469 1117 497 1154 ut
512 1102 592 1153 ventis
610 1101 665 1152 istis
682 1100 829 1165 spirantibus
843 1102 932 1160 solet,
951 1103 1066 1154 ruebant.

389 1172 435 1222 Sed
447 1171 594 1223 adventante
604 1170 747 1219 Alexandro
764 1169 845 1219 subito
856 1185 956 1248 exortus
966 1168 1064 1235 Aquilo

391 1236 752 1315 coelumpurgavitimbribus,
762 1237 838 1286 undas
846 1253 932 1298 relecrt
942 1254 969 1288 m
977 1254 1045 1288 mare
1058 1275 1067 1297 ,

390 1320 418 1356 et
433 1304 612 1356 Macedonibus
633 1304 763 1355 transitum
781 1304 886 1369 aperuit.
908 1303 946 1354 Sic
966 1322 1064 1371 quoque

391 1371 460 1423 unius
478 1371 552 1421 diei'
544 1372 632 1421 itinere
643 1388 686 1436 per
696 1371 789 1422 incerta
807 1374 870 1422 vada
879 1374 1064 1448 emergendum

389 1440 456 1490 fuit
449 1474 457 1499 ‚
471 1458 500 1505 aq
503 1456 531 1488 ua
541 1440 570 1489 ad
581 1438 724 1489 umbilicum
734 1442 810 1489 ferme
820 1438 987 1506 pertingente.
997 1444 1064 1490 Tan-

390 1518 440 1557 tam
450 1505 475 1557 in
485 1506 601 1571 periculis
611 1506 747 1558 Alexandri
761 1506 891 1566 fiduciam,
911 1523 938 1558 ut
948 1506 994 1557 ab
986 1510 1064 1571 rpsius

389 1573 491 1640 ingenio
505 1578 641 1638 profectam
657 1591 707 1624 non
724 1573 853 1633 dubito,'
847 1590 881 1625 sta
895 1575 1065 1639 frequentibus

389 1641 514 1718 prodigiis
538 1658 564 1692 et
584 1642 706 1695 ominibus
730 1657 825 1692 auctam
848 1641 1064 1722 confirmatamque

389 1709 463 1760 fuasse
473 1708 641 1762 crediderim
658 1726 802 1775 postquam,
822 1711 849 1760 de
853 1726 920 1762 creto
936 1710 1065 1772 numinis,

390 1776 533 1828 clarissimis
546 1776 704 1842 maximisque
719 1779 790 1827 rebus
806 1795 829 1827 se
845 1776 962 1857 destinari
979 1781 1066 1842 conje-

391 1842 436 1896 cit.
446 1845 554 1923 Adhuc
548 1863 573 1895 ιιι
588 1844 732 1902 Macedonia
743 1844 842 1910 degenti
855 1845 949 1911 species
958 1847 1064 1898 humana

389 1912 517 1978 augustior
538 1912 676 1993 apparuisse
700 1912 812 1972 dicitur,
837 1914 961 1964 monentis
983 1930 1011 1966 ut
1030 1918 1063 1967 ad

389 1982 563 2033 evertendum
556 1984 679 2049 imperium
697 1983 821 2033 Persicum
840 1984 1044 2061 quamprimum'
1036 2001 1062 2033 ιιι

389 2047 475 2099 Asiam
489 2062 645 2114 sequeretur:
658 2064 731 2114 atque
742 2048 767 2097 in
781 2048 925 2099 memoriam
941 2048 1062 2100 insomnii

387 2129 532 2165 revocatum
542 2132 592 2165 esse
606 2133 708 2182 regern,
730 2133 785 2165 cum
802 2116 827 2165 in
837 2115 952 2167 Phoenice
963 2133 1002 2168 res
1015 2134 1063 2182 ge·

388 2197 470 2238 reret,
487 2182 563 2232 obvio
573 2184 714 2233 Judaeotum
727 2183 870 2242 sacerdote,
890 2184 974 2250 inquo
990 2201 1064 2235 reco-

387 2250 478 2315 gnovit
487 2266 598 2299 ornatum
608 2287 616 2310 ,
626 2268 697 2319 quem
707 2250 818 2315 pridern'
811 2267 837 2301 ιιι
846 2219 959 2311 obiecta
953 2252 1062 2317 imagine

385 2333 431 2382 per
441 2316 547 2395 quietem
562 2315 667 2370 viderat.
678 2317 764 2369 Nam'
756 2335 820 2369 mter
834 2318 1060 2387 obsidionemTy'
1038 2337 1062 2370 ιι

385 2384 475 2435 vicinis
484 2385 582 2453 regibus
591 2386 738 2464 populisque
749 2386 902 2438 deditionem
911 2403 937 2438 et
947 2340 1063 2439 delectyus

385 2451 556 2517 imperaverat
570 2457 616 2506 Sed
626 2454 722 2514 Judaei,
737 2472 778 2519 qur
772 2453 963 2521 'Hierosolyma
978 2460 1062 2506 famo-

383 2538 435 2571 sam
450 2523 531 2574 urbem
545 2524 680 2579 tenebant,
698 2524 776 2573 foedus
787 2540 841 2572 curn
851 2523 930 2573 Dario
945 2524 1037 2575 causati
1051 2561 1059 2584 ,

383 2589 548 2640 Macedonum
562 2591 695 2642 amicitiam
706 2592 883 2643 detrectabant.
898 2596 958 2642 Earn
975 2592 1061 2658 gentis

383 2657 563 2737 contumaciam
577 2658 723 2724 puniturus,
743 2658 769 2709 in
784 2660 891 2709 Judaeam
905 2659 997 2711 infesto
995 2677 1059 2739 ’ag-

382 2724 448 2774 mine
464 2725 581 2789 perrexit.
595 2725 865 2793 AtHrerosolymrtanr
874 2742 902 2779 ut
914 2726 979 2793 regis
993 2727 1057 2779 iram

381 2790 510 2850 lenirent,
536 2811 590 2844 cunr
608 2795 722 2846 uxoribus
737 2794 870 2861 liberisque
886 2793 1038 2859 supplices
1031 2811 1059 2845 m

381 2875 510 2910 occursum
519 2878 642 2913 vementis
651 2863 816 2915 effunduntur
827 2865 969 2914 Sacerdotes
979 2862 1058 2929 primi

381 2922 449 2980 ibant
465 2922 607 2981 tenuissima
622 2931 694 2999 bysso
704 2929 805 2983 amicti.
816 2931 861 2986 hos
871 2930 960 2984 deinde
974 2950 1060 3019 popu-
