2625 4017
392 552 618 631 'LIBER
656 555 733 635 IX.
825 578 919 647 ,2499

244 685 319 733 rant.
339 669 419 752 Ergo
434 669 557 732 universi
571 670 607 730 ad
623 692 673 732 eos
685 714 696 740 ,
710 668 766 763 ¹qui
784 669 813 731 in
829 675 923 737 armis

243 768 348 821 erant,
367 768 506 818 currunt,
521 746 617 826 furere
631 752 831 823 clamitantes,
854 773 917 816 curn

241 830 318 896 Diis
332 828 460 910 praelium
476 828 608 894 inituros.
625 830 756 911 Navigia
767 853 821 892 non
831 853 917 913 posse

242 910 403 983 numerari,
417 930 475 989 qua
488 907 759 971 inuictosueherenr.
770 912 915 974 Tantum·
960 973 963 980 ,
985 915 993 954 '²

243 1012 301 1072 que
311 991 342 1051 in
352 990 508 1051 exercitum
517 1010 635 1051 suorum
644 991 766 1051 intulere
778 995 892 1053 terroris
904 1005 926 1061 ,¹
945 957 992 1042 ff

245 1073 321 1133 urle
342 1088 403 1131 atos
414 1070 559 1131 mitterent
567 1090 685 1151 gentem
694 1071 845 1135 dedituros.
861 1073 918 1131 His

244 1152 276 1213 in
293 1092 379 1212 fidem
399 1150 544 1226 acceptis,
563 1151 597 1211 ad
613 1152 684 1212 alias
701 1151 800 1212 deinde
819 1158 925 1233 gentes

244 1250 348 1309 quarto
360 1230 405 1291 die
420 1228 560 1309 pervenit.
582 1231 684 1291 Nihilo
695 1232 757 1310 plus
767 1232 855 1292 animi
874 1231 918 1291 his

243 1312 324 1382 fuit,
347 1332 433 1389 quam
453 1308 552 1369 ceteris
571 1310 672 1370 fuerat.
695 1314 792 1389 ltaque
810 1312 918 1389 oppido

245 1390 288 1451 ibi
306 1390 442 1459 condito,
464 1387 541 1468 quod
556 1386 760 1451 Alexandriam
782 1390 920 1470 appellari

247 1470 383 1549 jusserat,
404 1470 474 1529 fines
491 1489 614 1539 eorum,
636 1472 684 1548 qui
699 1467 843 1531 Musicani
866 1492 920 1549 ap-

243 1551 407 1629 pellantur,
423 1548 619 1610 interviente
636 1550 671 1609 de
682 1550 813 1609 Teriolte
830 1571 919 1611 sarra-

244 1650 304 1709 pe,
324 1650 409 1706 quem
425 1628 650 1704 Paropamisadis
670 1629 849 1706 prefecerat,
869 1630 919 1689 iis·

245 1710 313 1771 dem
323 1709 503 1792 arguentibus
513 1706 667 1790 cognovit:
678 1709 824 1784 multaque
833 1711 926 1770 avare
944 1731 947 1738 ·

245 1797 282 1851 ric
291 1791 407 1866 superbe
417 1787 514 1847 fecisse
526 1787 692 1849 condictum
700 1788 820 1849 interfici
830 1789 921 1868 jussit.

245 1868 392 1931 Oxathres
411 1885 513 1945 prator
529 1868 765 1937 Bactrianorum,
789 1889 849 1928 non
867 1871 921 1929 ab·

248 1949 358 2010 solutus
370 1947 469 2021 modo,
479 1948 524 2007 sed
536 1948 623 2008 etiarn
636 1948 699 2026 jure
708 1949 853 2027 amplioris
864 1949 928 2008 inv·

247 2030 321 2121 perii
333 2028 453 2087 donatus
463 2046 515 2091 est.
526 2026 643 2089 Finibus
654 2029 809 2090 Musicanis
820 2028 921 2094 deinde

246 2129 279 2169 sn
291 2107 430 2168 ditionem
440 2108 571 2176 redactis,
582 2108 754 2167 urbicorum
764 2107 930 2185 prasidium'

246 2185 397 2264 imposuit.
410 2184 478 2246 Inde
490 2185 607 2247 Praestos
618 2203 646 2245 et
656 2188 745 2265 ipsam
756 2184 842 2246 Indiae
850 2206 924 2267 gen-

247 2285 311 2328 tem
331 2280 500 2342 perventum
518 2267 571 2323 est.
592 2264 748 2343 Ouycanus
768 2285 818 2325 rex
838 2282 897 2325 erat
912 2302 932 2344 ,ι

248 2345 300 2425 qui
313 2366 342 2406 se
357 2344 473 2405 munita
489 2344 551 2404 urbi
569 2365 635 2405 curn
651 2364 756 2424 magna
769 2366 856 2405 manu
871 2365 930 2423 po·

249 2425 393 2507 pularium
404 2424 565 2486 incluserat.
575 2423 661 2485 Hanc
670 2423 832 2484 Alexander
840 2424 928 2485 tertio

251 2506 298 2566 die
318 2527 404 2583 quarn
423 2520 548 2581 coeperat
567 2504 719 2572 obsidere,
744 2505 930 2585 expugnavit·

250 2584 290 2647 Et
302 2584 478 2663 Oxycanus,
497 2604 564 2643 cum
575 2584 605 2642 in
617 2603 712 2645 arcem
732 2584 926 2664 confugisset,

250 2666 364 2745 legatos
386 2664 421 2723 de
441 2663 607 2725 conditione
627 2664 776 2723 deditionis
798 2666 875 2724 misit
893 2660 930 2723 ad

252 2764 351 2825 regem
367 2766 376 2803 ε
393 2744 439 2803 sed
459 2761 611 2821 antequam
629 2743 739 2812 adirent
757 2763 845 2811 curn,
870 2743 933 2821 dua

198 2870 202 2875 -
253 2842 345 2885 turres
368 2845 435 2884 cum
456 2822 564 2904 ingenti
588 2822 700 2904 fragore
721 2823 934 2902 prociderant,

253 2924 307 2982 per
325 2924 444 2981 quarum
465 2907 557 2963 ruinas
573 2904 746 2970 Macedones
767 2922 883 2978 evasere¹
901 2899 933 2961 in

255 3002 456 3076 arcem331ua
479 3001 560 3064 capta
571 2982 729 3064 Oxycanus
752 2994 828 3043 cum·
839 2980 938 3061 paucis

733 3082 835 3161 Tti't
