2625 4017
326 523 329 529 ’
395 582 452 652 322
573 563 616 647 Q.
656 560 896 629 cunnus

392 670 534 749 aptiorem
550 670 674 729 futuram
685 687 780 735 tatus,
804 666 871 727 odio
884 685 934 726 suo
952 664 1066 743 pietatis

393 748 539 826 preferens
566 748 689 826 speciem
703 768 713 819 ;
736 744 875 814 Utinam,
896 745 1011 822 inquit,
1025 745 1065 811 in

390 824 528 907 principio
545 845 645 904 quoque
655 823 734 905 liujus
745 825 784 884 rei
802 822 943 884 nobiscum
962 820 1068 885 delibe-

393 922 499 966 rasses.
515 900 727 992 Sunsirsemnr,
747 901 772 992 si
785 899 904 991 Piriiotce
916 898 1003 962 uelles
1019 903 1065 983 ig·

392 1001 529 1050 noscere,
552 1002 685 1061 potereris
707 1000 797 1062 potius
820 1000 1041 1059 ignorore‘eum,
1053 1019 1065 1053 ,

392 1079 522 1140 quantum
533 1059 645 1121 deberet
654 1059 704 1120 tibi
713 1080 726 1133 ;
738 1078 815 1138 quom
828 1079 910 1137 usque
920 1056 956 1118 od
966 1060 1064 1121 mortis

393 1157 493 1200 metum
511 1138 656 1199 adductum
670 1158 780 1219 cogeres
789 1137 880 1216 potius
894 1135 927 1197 de
940 1137 1063 1217 periculo

393 1237 464 1287 suo,
489 1239 568 1297 quom
583 1218 617 1277 de
635 1210 680 1277 tu'o
699 1217 823 1297 cogitare
842 1213 986 1293 beneficio.
1011 1214 1065 1279 Ille

393 1298 469 1357 enirn
483 1318 587 1368 semper
601 1296 731 1356 insidiosi
746 1293 796 1355 tibi
813 1293 938 1375 potetit;
960 1312 996 1357 tu·
1007 1317 1063 1359 non

393 1371 630 1452 somperPdtiiotae
646 1374 750 1454 poteris
770 1374 922 1453 ignosceret
936 1373 1003 1435 Neo
1022 1393 1066 1437 est

393 1453 464 1532 quod
481 1453 646 1522 existimes,
668 1472 748 1521 eum,
771 1454 816 1530 oui
832 1450 1063 1528 tontum‘fatinut

392 1550 477 1593 aluus
498 1551 559 1599 est,
583 1533 664 1593 uenio
679 1552 761 1611 posse
780 1531 888 1593 mutari.
907 1528 971 1592 Scit
991 1554 1039 1593 eos
1050 1565 1062 1602 3

391 1610 438 1690 qui
458 1609 675 1671 misericordium
694 1630 923 1680 consumserunt,
945 1610 1063 1691 amplius

389 1707 501 1771 sperone
512 1712 566 1749 non
573 1710 666 1770 posse.
680 1689 719 1749 At
731 1709 799 1765 ego,
813 1687 896 1748 etiam
907 1688 932 1750 si
944 1688 1004 1770 ipse
1017 1689 1063 1751 uel

387 1768 571 1847 poenitentia,
591 1767 635 1829 vel
650 1767 783 1848 beneficio
799 1787 843 1827 tuo
860 1768 950 1828 uictus
968 1768 1063 1845 quies·⁵

390 1864 459 1906 eete-
475 1845 552 1906 uolet
566 1868 585 1919 ;-
602 1865 708 1927 putrem
735 1847 794 1925 ejus
817 1844 1031 1907 Parmenionem
1050 1885 1061 1917 ‚

388 1924 461 1985 tansi
477 1921 572 1984 ducem
586 1925 748 1996 exercitus,
772 1943 800 1986 et
816 1925 972 1985 inueterata
989 1925 1061 2004 opud

389 2001 496 2063 milites-
507 2023 566 2061 tuos
577 2004 740 2065 auctoritate
752 2044 761 2074 ‚
778 2002 851 2064 ltoud
862 2002 974 2064 muitum
985 2003 1061 2080 infin

389 2080 590 2161 magnitudinis
607 2100 662 2141 tuoe
672 2082 823 2162 fastigium
834 2081 975 2162 potitum,
998 2083 1059 2143 scio

388 2179 443 2221 non
457 2180 531 2227 aeouo
545 2160 636 2220 onimo
648 2160 764 2221 salutern
770 2159 832 2239 filii
847 2160 891 2220 sui
905 2160 1060 2221 debiturum

388 2237 452 2300 tibi.
473 2235 607 2317 Quaedorn
626 2235 763 2319 beneficio
778 2238 894 2302 odimus.
913 2238 1058 2301 Meruisse

387 2334 500 2377 mortem
519 2316 645 2397 confiteri
661 2317 753 2397 pudet.
769 2314 921 2397 Superest,
943 2337 973 2377 ut
992 2337 1057 2377 mo·

387 2392 423 2453 iis
436 2395 525 2457 videri
541 2397 672 2475 injuriam
687 2396 847 2476 accepisse,
863 2417 942 2472 ouant
955 2395 1057 2459 uitam.

385 2469 509 2534 Proinde
525 2476 603 2545 seio,
625 2475 677 2537 tibi
694 2496 753 2535 curn
772 2473 831 2533 illis
847 2472 1057 2537 desoluteesse

381 2553 570 2632 pugnandum.
593 2552 673 2614 Satis
694 2554 811 2613 hostium
836 2571 989 2635 superest,
1018 2552 1056 2615 od

384 2646 452 2708 quos
460 2633 658 2722 persequendos
669 2632 734 2693 itnri
750 2651 843 2692 sumus
856 2658 865 2691 .·
877 2632 985 2692 loturo
1002 2630 1055 2693 dm

384 2709 508 2769 mesticis
526 2708 648 2772 hostibus
664 2711 749 2773 muni.
767 2708 869 2770 Hosti
885 2710 1055 2782 submoues,

381 2785 455 2847 ninii
467 2807 555 2849 metuo
567 2790 599 2848 od
612 2808 735 2851 externo.
746 2790 815 2850 Haec
827 2789 979 2861 Cratents3
998 2810 1055 2853 neo

381 2868 469 2953 ceteri
481 2868 665 2936 dubitabant,
688 2872 751 2945 quin
763 2867 960 2946 conjurationis
971 2867 1054 2929 indi-¹

380 2959 455 3007 ιιωιι
462 2965 655 3029 sttgptessusus
666 2944 855 3026 nonfurtum,
867 2946 1057 3021 restituetur,
