2625 4017
384 525 439 605 388
561 517 884 599 Q.CURT11

381 619 1061 696 etnicosvelitesse‚considera.Haecbarbatus‚‘

422 702 514 762 css.
534 699 597 762 IX.
619 700 729 759 Contra
750 720 799 759 rex
814 699 932 775 fortuna
952 722 1006 762 sua
1031 723 1060 766 et

381 780 510 849 consiliis
520 799 627 845 suorum
641 798 672 838 se
689 799 797 842 usurum
813 799 875 840 esse
890 784 1056 859 respondet,

325 851 336 941 ¹l
380 859 460 927 Nam
471 877 498 926 et
507 856 669 933 fortunam,
690 856 734 925 cui
749 854 892 935 confidat,
912 879 940 919 er
962 863 1059 921 consi-

380 929 646 1005 liumsnadentium‚
658 934 767 1014 nequid
778 955 877 1002 temere
888 955 915 998 et
923 938 1059 1000 audacter

372 1016 488 1097 faciat,
508 1034 673 1084 secuturum.
686 1015 870 1093 Dimissisque
888 1018 1011 1097 legatis,
1024 1020 1056 1087 in

378 1115 544 1176 praeparatas
570 1113 643 1154 rates
664 1096 822 1157 exercitum
845 1096 993 1174 imposuit.
1020 1100 1055 1157 ln

379 1176 472 1256 protis
484 1178 628 1253 clypeatos
638 1175 783 1239 locaverat
794 1196 803 1246 ;
817 1175 908 1252 jussos
921 1175 952 1233 in
959 1197 1055 1255 genuit

379 1253 552 1325 subsidere,
583 1273 633 1331 quo
657 1252 774 1316 tutiores
799 1271 893 1317 essent
917 1253 1055 1315 adversus

379 1334 453 1401 ictus
475 1332 650 1411 sagittarum.
677 1329 746 1390 Post
764 1330 816 1392 hos
838 1334 885 1409 qui
906 1340 1055 1401 tormenta

378 1412 571 1479 intenderent,
586 1414 712 1483 stabant;
724 1428 752 1470 et
764 1415 799 1471 ab
810 1430 930 1489 utroque
942 1414 1033 1472 latere
1042 1455 1054 1483 ,

379 1509 408 1557 et
420 1512 436 1553 a
446 1492 539 1550 fronte
550 1489 719 1549 circumdati
735 1492 859 1555 armatis.
875 1490 991 1569 Reliqui
1002 1492 1054 1569 qui

378 1589 445 1650 post
460 1586 602 1629 tormenta
617 1569 820 1638 constiterant,
840 1571 982 1651 remigem
999 1574 1052 1637 lo-

378 1652 437 1723 rica
461 1650 590 1710 indutum
616 1666 759 1724 scutorum
785 1648 921 1712 testudine
948 1651 1056 1720 armati

378 1734 575 1811 protegebant.
590 1729 670 1787 ldem
684 1728 754 1786 ordo
769 1728 797 1786 in
809 1728 863 1796 illis
874 1748 989 1805 quoque
1004 1751 1054 1794 ra:

378 1812 451 1880 tibus
461 1849 470 1877 ‚
481 1831 541 1886 quae
550 1808 675 1882 equitem
686 1806 827 1867 vehebant
838 1846 847 1875 ,
859 1825 985 1875 servatus
996 1827 1053 1870 est.

377 1888 476 2040 plajor
491 1909 554 1965 pars
568 1905 688 1963 apuppe
701 1906 800 1953 nantes
811 1908 897 1963 equos
910 1886 979 1945 loris
993 1906 1055 1948 tra·

399 1970 474 2035 ebat,
492 1966 532 2029 At
549 1965 636 2033 illos,
661 1985 731 2040 quos
741 1983 815 2029 utres
827 1985 983 2026 stramento
1003 1988 1055 2027 re-

398 2047 448 2107 leti
469 2044 632 2113 vehebant,
656 2043 772 2118 obiectae
794 2063 865 2105 rates
886 2048 1056 2118 tuebantur,

377 2068 443 2205 lpse
454 2146 504 2186 rex
519 2146 586 2191 cum
596 2123 710 2189 delectis
722 2124 828 2200 primus
837 2143 925 2184 ratem
941 2126 1053 2195 solvit,

378 2225 408 2273 rt
426 2204 455 2271 in
472 2205 562 2283 ripam
583 2201 669 2280 dirigi
691 2202 777 2280 jussit.
797 2202 853 2270 Cui
870 2203 980 2280 Spytbae
998 2205 1053 2265 ad-

377 2303 475 2354 motos
487 2283 597 2343 ordines
610 2281 774 2358 equitumin
790 2283 883 2359 ptimo
896 2284 963 2360 ripae
974 2305 1054 2343 mar·

377 2367 444 2452 gine
468 2377 639 2440 opponunt3
663 2378 694 2420 ut
716 2381 752 2421 ne
774 2363 908 2439 applicati
932 2362 1053 2439 quidem

376 2438 457 2513 rerrae
475 2461 547 2518 rates
563 2456 686 2520 possent.
707 2438 843 2507 Ceterum
860 2458 958 2517 praeter
975 2440 1053 2504 hanc

377 2524 501 2602 speciem
511 2522 577 2598 ripis
589 2519 757 2597 praesidentis
773 2521 932 2589 exereitus,
948 2520 1052 2600 ingens

375 2604 542 2683 pavigantes
558 2618 649 2658 terror
661 2599 800 2660 invaserat
816 2622 824 2660 t
844 2620 968 2677 namque
980 2621 1051 2661 cur·

376 2704 441 2753 eum
461 2683 682 2761 gubernatores,
703 2699 770 2759 eum
790 2680 908 2757 obliquo
928 2678 1050 2741 flumine

376 2763 612 2840 impellerentur,
631 2776 729 2835 regere
747 2777 806 2826 non
823 2777 974 2837 poterant3
993 2782 1049 2820 va-

329 2859 332 2865 ·
373 2842 561 2918 efflantesque
583 2836 713 2905 milites,
739 2852 768 2896 et
788 2857 824 2898 ne
849 2857 1051 2906 excuterentur

375 2920 512 3012 pulleni,
529 2934 679 2999 nputatum
689 2914 843 3004 ministeria
855 2920 1052 2988 turbaverant,
