2625 4017
433 569 550 632 INQ.
585 569 777 623 CUK'I'IUM
825 571 855 624 1„
888 575 913 626 1.
981 587 998 631 9

313 658 362 714 tibi
378 660 589 727 regitesemp105
607 674 721 727 magnam
739 676 767 713 ea
781 677 807 711 re
815 678 868 736 per·
875 660 998 712 Graeciam

314 726 361 779 sibi
370 727 474 791 samam
490 740 711 791 comparaturum:
718 726 846 789 facerem,
861 724 956 793 inquit,
974 729 999 780 si

316 811 384 869 regas
399 792 510 845 haberem
520 793 684 844 adversarios.
702 790 807 853 Quoties
821 808 864 843 aut
881 793 998 856 preclara

316 861 399 922 aquua
419 874 505 923 pugna
526 855 658 922 Philippus
683 858 796 916 vicerat,
815 874 857 910 aut
876 860 997 924 oppidum

316 924 488 989 opulentum'
480 941 507 973 m
522 939 674 989 potestatem
691 925 841 990 redegerant
857 927 996 979 letantibus

317 992 391 1052 aliis,
406 994 462 1057 ipse
479 991 546 1041 haud
559 991 665 1041 obscure
679 990 867 1048 indolescebatt
891 1010 995 1058 excepta

318 1076 362 1124 que
375 1075 426 1110 vox
438 1073 479 1109 est
488 1056 614 1123 querentis
628 1057 819 1124 interequales3
835 1062 896 1112 nihil
907 1062 995 1127 reliqui

315 1128 443 1191 facturam
456 1140 554 1201 patrem
563 1124 634 1178 siba
625 1127 739 1201 apsispue,
757 1143 811 1176 cum
823 1128 994 1180 adolevissent.

322 1192 420 1257 Quippe
438 1190 611 1255 deperituruna
621 1191 686 1257 glor
688 1207 705 1239 ε
717 1192 859 1249 verebatur,
876 1191 996 1268 quidquid

322 1259 463 1309 accessisset
480 1256 590 1322 opibus:
600 1273 644 1308 nec
658 1273 711 1308 tam
724 1258 808 1308 harum
825 1274 894 1321 posse
897 1257 995 1318 ssione,

323 1343 389 1391 quam
406 1324 482 1375 istius
499 1323 615 1389 cupidine
630 1325 786 1375 movebatur
804 1322 888 1375 Somni
909 1339 998 1378 natura

323 1393 495 1456 parcissimus,
520 1390 596 1442 etiam
612 1407 664 1442 arte
680 1390 835 1469 vigilantiam
853 1392 996 1450 adjuvabat·

323 1458 345 1509 ti
357 1460 414 1525 quid
422 1474 593 1516 occurrisset,
613 1459 681 1525 quod
693 1457 754 1508 seria
763 1458 925 1510 meditatione
940 1458 995 1526 dig·

325 1541 377 1577 nunt
387 1527 536 1589 videretur
550 1526 726 1590 comprehensa
735 1524 785 1589 pila
795 1542 924 1591 argentea
937 1527 995 1576 bra·

327 1593 402 1644 thium
412 1609 482 1645 extra
495 1595 591 1643 lectum
605 1591 767 1669 porrigebat,
788 1609 815 1644 ut
824 1592 849 1641 in
860 1594 993 1654 subiectam

326 1661 413 1725 pelvim
438 1661 550 1723 illapsa,
567 1660 677 1710 excitato
701 1658 803 1719 sonitu,
820 1675 947 1724 torporem
966 1660 994 1713 in

327 1745 432 1780 somnum
448 1726 588 1778 deficientis
605 1726 748 1778 discuteret.
763 1727 834 1777 Deos
848 1726 901 1777 ab
894 1744 994 1779 ineunte

327 1811 390 1847 etate
399 1794 532 1862 magnifice
549 1795 638 1845 coluit.
648 1800 723 1844 Sacro
734 1793 861 1858 quodam
854 1810 888 1845 ata
903 1793 994 1846 libera·

329 1863 380 1913 liter
391 1878 448 1914 tura
458 1862 566 1913 flammis
581 1862 685 1920 intulit,
705 1877 733 1912 ut
745 1861 882 1920 Leonidas,
900 1861 939 1912 vir
953 1880 994 1914 te-

328 1947 428 1982 vetuste
442 1947 548 1995 parcus,
566 1928 751 1994 profirsiontm'
744 1945 816 1980 istam
831 1946 880 1979 nnn
897 1934 993 1990 fetens,

328 2001 500 2049 exclamaret.
512 2000 547 2049 sia
561 1999 682 2055 adolebis,
701 2015 755 2049 cum
772 2000 878 2074 regiones
895 1998 994 2067 subege-

329 2067 375 2125 ris,
396 2068 439 2118 abi
458 2068 508 2117 haec
525 2081 668 2115 naseuntur.
687 2066 762 2123 Cuius
779 2041 850 2115 vocis
872 2080 967 2116 mernor
984 2102 994 2125 ,

327 2150 376 2183 tam
399 2148 489 2198 postca
514 2130 636 2183 turiferam
652 2132 770 2182 Arabiam
784 2148 900 2196 pacaret
917 2132 995 2182 multa

327 2201 425 2251 odorum
443 2201 536 2249 talenta
550 2198 618 2249 misit
631 2199 762 2259 leonide,
779 2218 834 2249 cum
849 2200 993 2258 mandat1s3

328 2284 352 2320 aa
366 2288 416 2335 p.os
410 2268 491 2320 lanc
483 2285 508 2316 ιιι
518 2266 625 2319 Deorum
643 2268 771 2319 honoribus
787 2270 930 2319 adstrictior
945 2284 995 2320 essa

326 2288 412 2393 veliet,
429 2352 489 2401 paor
501 2335 647 2403 intelligeret
657 2338 717 2386 dona
728 2337 841 2387 hilariter
851 2336 931 2387 oblata
942 2347 993 2384 tam

318 2403 391 2470 larga
407 2419 482 2451 manu
492 2404 623 2469 rependere
640 2400 727 2451 Animi
738 2400 851 2452 sublimis
866 2418 892 2452 et
907 2417 995 2465 magna

327 2445 431 2519 conaturi
448 2469 597 2518 documenta
607 2483 700 2519 mature
711 2469 789 2519 dedit.
801 2469 882 2518 Persis
893 2485 920 2516 ea
928 2482 995 2517 tem-

326 2552 414 2599 pestate
432 2536 583 2586 Artaxerxes
596 2552 765 2613 cognomento
783 2536 868 2585 Ochus
883 2550 995 2596 praerat.

325 2607 380 2653 Eum
394 2605 538 2654 Artabazus
559 2619 584 2653 et
600 2603 712 2668 Menapis
730 2619 848 2668 satrape,
865 2605 996 2650 Memnon·

326 2688 368 2735 que
357 2670 509 2727 Rhodius,
521 2670 712 2736 egregiusdux,
723 2673 790 2722 bello
804 2668 994 2725 lacessiseran13

327 2739 366 2786 sed
389 2736 502 2802 potentia
524 2738 589 2803 regis
612 2738 743 2802 oppressi,
763 2741 857 2789 deserta
880 2734 940 2785 Asia
963 2736 994 2787 aa

328 2804 464 2883 Philippum
475 2809 647 2869 profugerant
661 2805 708 2855 His
723 2821 774 2855 tum
783 2805 924 2855 Alexander
940 2820 995 2865 sep·

328 2871 391 2920 ιιιιιιί
414 2871 497 2921 minor
520 2872 583 2921 mire
601 2873 787 2929 delectabatur3
807 2872 940 2934 crebroque
963 2871 995 2921 de

330 2939 396 2988 rebus
409 2937 515 2989 Persicis
530 2938 719 3004 interrogabat,
739 2938 802 2989 nihil
820 2938 919 3002 quidem
934 2951 994 2999 pue-

332 3002 372 3057 tile
382 3021 406 3060 et
416 3004 563 3068 sordidum,
579 3006 623 3058 ted
631 3006 714 3075 paidos
722 3005 995 3073 matrimefirmamentis
