2625 4017
396 559 431 610 '66
497 558 526 610 J.
558 556 747 607 FREINSH.
780 554 977 607 supplent.

392 646 508 717 pudendis
532 644 641 697 cladibus
666 645 819 708 affecerunt?
842 642 909 692 Aliis
934 640 1074 693 deinde'in

397 714 507 763 eamdem
517 711 664 761 sententiam
675 709 793 769 adjectis,
809 711 871 759 adeo
882 710 1008 774 permovit
1017 711 1075 759 ani·

397 798 468 838 mos,
485 794 513 828 ut
522 779 633 828 omnibus
644 775 831 827 assentientibus
840 776 914 826 etiam
924 778 1054 827 Parmenio
1066 812 1077 836 ‚

398 846 439 913 qui
451 845 554 895 maxime
564 846 657 896 bellum
667 843 758 894 differri
769 846 898 902 voluerat,
914 844 1019 895 maxime
1029 862 1075 893 at-

397 913 554 964 celerandum
564 927 689 969 censeret,
705 913 821 976 ultroque
837 912 884 972 jam
900 912 1076 961 Alexandrum

396 982 546 1033 hortaretur.
556 985 640 1044 ltaque
648 977 716 1028 omui
728 994 785 1027 cura
795 980 1001 1029 ad-maturandam
1011 994 1074 1041 pro·-

397 1047 533 1099 feetionem
543 1063 663 1098 conversa
673 1082 680 1103 ,
700 1047 729 1095 ad
739 1045 815 1095 Dium
824 1044 975 1096 Macedonia
986 1051 1076 1097 urbeut

397 1116 459 1167 Jovi
475 1114 596 1182 Olympio
612 1131 706 1164 sacrum
720 1112 797 1171 fecit,
814 1112 952 1163 institutum
970 1114 1000 1162 ab
1019 1117 1078 1164 Ar·

398 1184 506 1240 chelae,
524 1181 565 1247 qui
588 1198 645 1245 post
668 1179 813 1230 Perdiccam
835 1179 972 1229 Alexandri
992 1179 1076 1231 filiurn

397 1249 521 1317 regnavit.
532 1249 608 1299 Musis
624 1264 721 1313 quoque
730 1249 801 1297 ludos
815 1248 925 1297 scenicos
939 1246 1015 1306 fecit,
1029 1263 1080 1311 per·

399 1334 491 1369 novem
501 1315 570 1374 dies,
586 1333 631 1380 pro
642 1331 743 1365 nurnero
753 1314 870 1365 Dearum.
880 1317 941 1365 Post
952 1315 1001 1364 haec
1013 1332 1077 1365 con-

399 1383 495 1438 vivium
508 1400 600 1433 summa
615 1381 795 1448 magnificentia
807 1383 955 1432 celebratum
968 1397 1005 1431 est
1017 1400 1023 1438 ς
1040 1398 1078 1432 ta·

400 1450 550 1510 bernaculo,
568 1451 635 1513 quod
656 1465 753 1498 centurn
767 1450 847 1498 lectos
865 1465 982 1512 caperet,
1001 1452 1077 1500 ador·

400 1533 470 1569 nato.
486 1516 523 1567 lbi
541 1534 598 1566 cum
611 1515 698 1566 amicis
714 1515 882 1581 ducibusque,
898 1531 925 1566 et
943 1515 1076 1569 ciuitatum

399 1583 489 1651 tegatis
503 1582 627 1635 accubuit.
644 1585 691 1633 Per
701 1582 835 1634 exercitum
849 1600 944 1648 quoque
959 1583 1082 1635 victimas<

330 1705 333 1710 ,
401 1651 482 1707 dividi
496 1651 581 1713 iussit,
597 1650 691 1715 aliaque
706 1649 827 1715 praeberi,
841 1651 927 1715 quibus
938 1651 1082 1701 destinatus

400 1719 519 1771 hilaritati
530 1718 582 1770 dies
597 1717 694 1768 festivis
704 1717 799 1782 epulis,
819 1733 845 1769 et
860 1718 944 1768 faustis
960 1715 1079 1771 instantis

401 1786 462 1839 belli
479 1786 602 1836 ominibus
619 1785 805 1851 transigeretur.

436 1858 504 1905 Cau.
515 1859 560 1905 lll.
572 1856 637 1903 Vere
647 1869 715 1904 novo
731 1850 863 1902 contractis
873 1850 979 1917 undique
996 1853 1083 1916 copiis

402 1920 429 1971 in
439 1921 524 1971 Asiam
535 1920 661 1980 transjecit
672 1938 679 1978 ς
697 1919 829 1970 exercitum
844 1921 933 1969 robore
943 1936 1014 1983 quam
1030 1937 1082 1970 nu·

402 2006 471 2039 mero
485 1987 633 2039 validiorem
651 1989 752 2039 ducens.
768 1986 880 2052 Triginta
890 1985 1001 2051 peditum
1019 1987 1080 2037 mil-

402 2055 437 2105 lia
445 2056 573 2105 Parmenio
589 2055 694 2105 ducebat
704 2072 710 2104 :
722 2071 825 2120 quorum
835 2055 982 2104 Macedones
995 2057 1081 2105 trede-

403 2122 453 2174 cim
472 2124 648 2187 expleverant3
667 2121 772 2186 quinque
789 2136 859 2171 erant
877 2123 990 2172 mercede
1010 2122 1082 2171 mili.

403 2188 529 2242 tantiumz
553 2191 660 2239 ceteram
676 2188 860 2240 multitudinem
875 2188 938 2238 socii
953 2190 1080 2239 foderati-

404 2274 451 2323 que
467 2256 593 2307 miserant.
610 2258 662 2305 Has
678 2256 763 2321 copias
779 2255 859 2323 lllyrii
875 2258 1030 2321 Thracesque
1052 2273 1084 2309 et

404 2324 524 2382 Triballi,
543 2325 572 2373 ad
587 2322 693 2388 quinque
708 2323 834 2373 hominurn
850 2323 927 2373 millia
944 2325 1082 2388 sequeban-

404 2408 464 2450 tutt
480 2391 570 2442 additis
583 2390 653 2440 mille
666 2392 834 2456 Agrianorum
847 2390 990 2455 sagittariis.
1005 2391 1082 2455 Equi-

405 2476 482 2510 tatum
499 2461 662 2509 Macedonum
678 2457 747 2509 mille
758 2458 955 2522 octingentorum
965 2458 1081 2510 Philotas

405 2528 528 2585 ducebatt
547 2542 572 2577 et
582 2525 687 2576 totidem
702 2542 730 2576 ex
740 2525 862 2576 Thessalia
879 2527 951 2577 Calas
966 2544 973 2578 r
990 2543 1003 2574 a
1020 2525 1083 2575 reli-

406 2611 451 2661 qua
467 2594 562 2645 Graecia
578 2593 686 2644 sexcenti
703 2592 803 2643 omnino
819 2592 914 2657 equites
932 2609 1053 2644 venerunt
1070 2631 1082 2652 ,

405 2662 492 2728 quibus
506 2660 633 2728 Erigyium
647 2660 779 2725 praeposuit
789 2676 892 2726 :agmen
904 2661 1008 2710 ducebat
1019 2664 1082 2711 Cas-

405 2731 490 2780 sander
510 2747 563 2778 eum
580 2728 713 2793 nongentis
728 2729 849 2778 Thracum
872 2744 944 2791 atque
963 2729 1081 2778 Paeonum

406 2796 614 2846 antecursoribus.
624 2798 696 2846 Hunc
707 2795 856 2853 exerc-itum,
874 2811 923 2845 non
934 2794 996 2844 ultra
1007 2812 1081 2858 quarn

405 2862 541 2928 intriginra
555 2862 608 2911 dies
623 2862 725 2926 proviso
741 2879 894 2922 commeatu,
913 2861 1014 2911 infinitis
1027 2863 1084 2911 bar-

407 2931 519 2980 barorum
536 2929 616 2993 copiis
625 2946 750 2993 opponere
766 2947 816 2980 non
831 2927 972 2989 dubitavit3
985 2928 1081 2979 virtute

405 3014 504 3064 suorum
516 3002 610 3057 fretus,
625 2997 668 3065 qui
675 2997 800 3050 uincendo
814 3014 883 3056 senes
892 2995 972 3057 lacti,
986 2997 1083 3050 robore
