<?xml version="1.0" encoding="UTF-8"?>
<!DOCTYPE html PUBLIC "-//W3C//DTD XHTML 1.0 Transitional//EN"
    "http://www.w3.org/TR/xhtml1/DTD/xhtml1-transitional.dtd">
<html xmlns="http://www.w3.org/1999/xhtml" xml:lang="en" lang="en">
 <head>
  <title>
</title>
<meta http-equiv="Content-Type" content="text/html;charset=utf-8" />
  <meta name='ocr-system' content='tesseract 3.04.00' />
  <meta name='ocr-capabilities' content='ocr_page ocr_carea ocr_par ocr_line ocrx_word'/>
</head>
<body>
  <div class='ocr_page' id='page_1' title='image "./qcurtiirufidere00rufugoog_0563.png"; bbox 0 0 2625 4017; ppageno 0'>
   <div class='ocr_carea' id='block_1_1' title="bbox 310 567 1026 2961">
    <p class='ocr_par' dir='ltr' id='par_1_1' title="bbox 310 567 886 657">
     <span class='ocr_line' id='line_1_1' title="bbox 310 567 886 657; baseline -0.007 -18"><span class='ocrx_word' id='word_1_1' title='bbox 310 571 374 657; x_wconf 65' lang='lat'>533</span> <span class='ocrx_word' id='word_1_2' title='bbox 433 567 886 653; x_wconf 78' lang='lat' dir='ltr'>&#39;-Q.cu1tT11‘</span> 
     </span>
    </p>

    <p class='ocr_par' dir='ltr' id='par_1_2' title="bbox 310 670 1026 2961">
     <span class='ocr_line' id='line_1_2' title="bbox 314 670 993 755; baseline -0.006 -16"><span class='ocrx_word' id='word_1_3' title='bbox 314 674 482 755; x_wconf 76' lang='lat' dir='ltr'>respondit,</span> <span class='ocrx_word' id='word_1_4' title='bbox 501 676 548 745; x_wconf 86' lang='lat' dir='ltr'>ei,</span> <span class='ocrx_word' id='word_1_5' title='bbox 566 674 700 752; x_wconf 85' lang='lat' dir='ltr'>quiesset</span> <span class='ocrx_word' id='word_1_6' title='bbox 715 673 850 754; x_wconf 74' lang='lat' dir='ltr'>optimus.</span> <span class='ocrx_word' id='word_1_7' title='bbox 872 670 993 735; x_wconf 77' lang='lat' dir='ltr'>Ceterum</span> 
     </span>
     <span class='ocr_line' id='line_1_3' title="bbox 312 750 992 837; baseline -0.004 -23"><span class='ocrx_word' id='word_1_8' title='bbox 312 754 459 837; x_wconf 81' lang='lat' dir='ltr'>providere</span> <span class='ocrx_word' id='word_1_9' title='bbox 479 756 531 815; x_wconf 84' lang='lat' dir='ltr'>&#39;om</span> <span class='ocrx_word' id='word_1_10' title='bbox 545 750 577 812; x_wconf 84' lang='lat' dir='ltr'>od</span> <span class='ocrx_word' id='word_1_11' title='bbox 593 751 623 813; x_wconf 85' lang='lat' dir='ltr'>id</span> <span class='ocrx_word' id='word_1_12' title='bbox 635 768 797 822; x_wconf 80' lang='lat' dir='ltr'>certamen,</span> <span class='ocrx_word' id='word_1_13' title='bbox 820 774 867 812; x_wconf 84' lang='lat' dir='ltr'>mo</span> <span class='ocrx_word' id='word_1_14' title='bbox 890 750 992 829; x_wconf 62' lang='lat' dir='ltr'>norst*</span> 
     </span>
     <span class='ocr_line' id='line_1_4' title="bbox 316 773 995 913; baseline 0 -21"><span class='ocrx_word' id='word_1_15' title='bbox 316 832 416 899; x_wconf 78' lang='lat' dir='ltr'>nebtes</span> <span class='ocrx_word' id='word_1_16' title='bbox 434 778 513 893; x_wconf 84' lang='lat' dir='ltr'>ludos</span> <span class='ocrx_word' id='word_1_17' title='bbox 527 830 622 913; x_wconf 82' lang='lat' dir='ltr'>potati</span> <span class='ocrx_word' id='word_1_18' title='bbox 640 829 708 895; x_wconf 78' lang='lat' dir='ltr'>siti.</span> <span class='ocrx_word' id='word_1_19' title='bbox 731 833 842 891; x_wconf 76' lang='lat' dir='ltr'>Rursus</span> <span class='ocrx_word' id='word_1_20' title='bbox 865 773 995 893; x_wconf 51' lang='lat' dir='ltr'>{etcum</span> 
     </span>
     <span class='ocr_line' id='line_1_5' title="bbox 316 906 994 985; baseline -0.007 -11"><span class='ocrx_word' id='word_1_21' title='bbox 316 906 425 974; x_wconf 82' lang='lat' dir='ltr'>interro</span> <span class='ocrx_word' id='word_1_22' title='bbox 462 932 531 980; x_wconf 88' lang='lat' dir='ltr'>nte,</span> <span class='ocrx_word' id='word_1_23' title='bbox 551 908 657 985; x_wconf 83' lang='lat' dir='ltr'>quando</span> <span class='ocrx_word' id='word_1_24' title='bbox 671 908 799 970; x_wconf 79' lang='lat' dir='ltr'>coelestet</span> <span class='ocrx_word' id='word_1_25' title='bbox 814 908 936 970; x_wconf 77' lang='lat' dir='ltr'>honores</span> <span class='ocrx_word' id='word_1_26' title='bbox 947 909 994 969; x_wconf 80' lang='lat' dir='ltr'>ho·</span> 
     </span>
     <span class='ocr_line' id='line_1_6' title="bbox 316 933 996 1068; baseline -0.009 -15"><span class='ocrx_word' id='word_1_27' title='bbox 316 991 380 1053; x_wconf 77' lang='lat' dir='ltr'>beri</span> <span class='ocrx_word' id='word_1_28' title='bbox 390 933 568 1052; x_wconf 54' lang='lat' dir='ltr'>siffvellet?</span> <span class='ocrx_word' id='word_1_29' title='bbox 581 989 673 1057; x_wconf 82' lang='lat' dir='ltr'>dixit,</span> <span class='ocrx_word' id='word_1_30' title='bbox 689 1004 746 1047; x_wconf 86' lang='lat' dir='ltr'>tum</span> <span class='ocrx_word' id='word_1_31' title='bbox 759 986 857 1058; x_wconf 80' lang='lat' dir='ltr'>velle,</span> <span class='ocrx_word' id='word_1_32' title='bbox 875 1010 936 1049; x_wconf 84' lang='lat' dir='ltr'>tum</span> <span class='ocrx_word' id='word_1_33' title='bbox 946 987 996 1068; x_wconf 79' lang='lat' dir='ltr'>ipsi</span> 
     </span>
     <span class='ocr_line' id='line_1_7' title="bbox 310 1064 999 1149; baseline -0.003 -20"><span class='ocrx_word' id='word_1_34' title='bbox 310 1068 419 1147; x_wconf 73' lang='lat' dir='ltr'>felices</span> <span class='ocrx_word' id='word_1_35' title='bbox 431 1086 534 1131; x_wconf 84' lang='lat' dir='ltr'>essent.</span> <span class='ocrx_word' id='word_1_36' title='bbox 548 1068 686 1145; x_wconf 83' lang='lat' dir='ltr'>Suprema</span> <span class='ocrx_word' id='word_1_37' title='bbox 697 1064 758 1129; x_wconf 74' lang='lat' dir='ltr'>haec</span> <span class='ocrx_word' id='word_1_38' title='bbox 769 1088 832 1129; x_wconf 85' lang='lat' dir='ltr'>vox</span> <span class='ocrx_word' id='word_1_39' title='bbox 844 1069 902 1129; x_wconf 85' lang='lat' dir='ltr'>fuit</span> <span class='ocrx_word' id='word_1_40' title='bbox 911 1070 999 1149; x_wconf 73' lang='lat' dir='ltr'>tegis,</span> 
     </span>
     <span class='ocr_line' id='line_1_8' title="bbox 315 1146 999 1228; baseline -0.001 -19"><span class='ocrx_word' id='word_1_41' title='bbox 315 1168 349 1209; x_wconf 80' lang='lat' dir='ltr'>et</span> <span class='ocrx_word' id='word_1_42' title='bbox 359 1148 447 1225; x_wconf 88' lang='lat' dir='ltr'>paulo</span> <span class='ocrx_word' id='word_1_43' title='bbox 457 1166 521 1227; x_wconf 87' lang='lat' dir='ltr'>post</span> <span class='ocrx_word' id='word_1_44' title='bbox 530 1146 713 1228; x_wconf 74' lang='lat' dir='ltr'>extinguitur.</span> <span class='ocrx_word' id='word_1_45' title='bbox 721 1147 768 1205; x_wconf 86' lang='lat' dir='ltr'>Ac</span> <span class='ocrx_word' id='word_1_46' title='bbox 777 1147 880 1223; x_wconf 87' lang='lat' dir='ltr'>primo</span> <span class='ocrx_word' id='word_1_47' title='bbox 890 1150 999 1225; x_wconf 84' lang='lat' dir='ltr'>ploratu</span> 
     </span>
     <span class='ocr_line' id='line_1_9' title="bbox 317 1225 1000 1305; baseline -0.007 -16"><span class='ocrx_word' id='word_1_48' title='bbox 317 1227 507 1305; x_wconf 76' lang='lat' dir='ltr'>lamentisque</span> <span class='ocrx_word' id='word_1_49' title='bbox 518 1245 547 1286; x_wconf 90' lang='lat' dir='ltr'>et</span> <span class='ocrx_word' id='word_1_50' title='bbox 555 1225 713 1303; x_wconf 77' lang='lat' dir='ltr'>planctibus</span> <span class='ocrx_word' id='word_1_51' title='bbox 725 1242 788 1285; x_wconf 92' lang='lat' dir='ltr'>tota</span> <span class='ocrx_word' id='word_1_52' title='bbox 800 1225 886 1305; x_wconf 88' lang='lat' dir='ltr'>regia</span> <span class='ocrx_word' id='word_1_53' title='bbox 902 1246 1000 1305; x_wconf 84' lang='lat' dir='ltr'>perro·</span> 
     </span>
     <span class='ocr_line' id='line_1_10' title="bbox 319 1304 1002 1369; baseline -0.006 0"><span class='ocrx_word' id='word_1_54' title='bbox 319 1308 425 1369; x_wconf 76' lang='lat' dir='ltr'>nabat:</span> <span class='ocrx_word' id='word_1_55' title='bbox 438 1328 508 1367; x_wconf 86' lang='lat' dir='ltr'>mox</span> <span class='ocrx_word' id='word_1_56' title='bbox 516 1307 596 1367; x_wconf 88' lang='lat' dir='ltr'>velut</span> <span class='ocrx_word' id='word_1_57' title='bbox 605 1304 634 1364; x_wconf 91' lang='lat' dir='ltr'>in</span> <span class='ocrx_word' id='word_1_58' title='bbox 644 1322 721 1366; x_wconf 84' lang='lat' dir='ltr'>vasta</span> <span class='ocrx_word' id='word_1_59' title='bbox 732 1304 896 1366; x_wconf 85' lang='lat' dir='ltr'>solitudine</span> <span class='ocrx_word' id='word_1_60' title='bbox 906 1304 1002 1367; x_wconf 80' lang='lat' dir='ltr'>omnia</span> 
     </span>
     <span class='ocr_line' id='line_1_11' title="bbox 320 1381 999 1465; baseline -0.004 -19"><span class='ocrx_word' id='word_1_61' title='bbox 320 1385 393 1447; x_wconf 77' lang='lat' dir='ltr'>tristi</span> <span class='ocrx_word' id='word_1_62' title='bbox 411 1381 525 1445; x_wconf 87' lang='lat' dir='ltr'>silentio</span> <span class='ocrx_word' id='word_1_63' title='bbox 542 1401 620 1443; x_wconf 88' lang='lat' dir='ltr'>muta</span> <span class='ocrx_word' id='word_1_64' title='bbox 638 1385 812 1458; x_wconf 79' lang='lat' dir='ltr'>torpebant3</span> <span class='ocrx_word' id='word_1_65' title='bbox 829 1384 868 1443; x_wconf 90' lang='lat' dir='ltr'>ad</span> <span class='ocrx_word' id='word_1_66' title='bbox 891 1385 999 1465; x_wconf 80' lang='lat' dir='ltr'>cogita·</span> 
     </span>
     <span class='ocr_line' id='line_1_12' title="bbox 319 1462 1002 1541; baseline -0.003 -18"><span class='ocrx_word' id='word_1_67' title='bbox 319 1466 437 1532; x_wconf 80' lang='lat' dir='ltr'>tiones,</span> <span class='ocrx_word' id='word_1_68' title='bbox 457 1463 523 1541; x_wconf 93' lang='lat' dir='ltr'>quid</span> <span class='ocrx_word' id='word_1_69' title='bbox 535 1462 635 1521; x_wconf 86' lang='lat' dir='ltr'>deinde</span> <span class='ocrx_word' id='word_1_70' title='bbox 646 1462 772 1521; x_wconf 89' lang='lat' dir='ltr'>fututum</span> <span class='ocrx_word' id='word_1_71' title='bbox 785 1480 863 1523; x_wconf 86' lang='lat' dir='ltr'>esset</span> <span class='ocrx_word' id='word_1_72' title='bbox 873 1505 886 1532; x_wconf 92' lang='lat'><em>,</em></span> <span class='ocrx_word' id='word_1_73' title='bbox 906 1465 1002 1523; x_wconf 82' lang='lat' dir='ltr'>dolote</span> 
     </span>
     <span class='ocr_line' id='line_1_13' title="bbox 322 1540 1003 1619; baseline -0.012 -11"><span class='ocrx_word' id='word_1_74' title='bbox 322 1561 477 1608; x_wconf 79' lang='lat' dir='ltr'>converso.</span> <span class='ocrx_word' id='word_1_75' title='bbox 495 1542 618 1603; x_wconf 86' lang='lat' dir='ltr'>Nobiles</span> <span class='ocrx_word' id='word_1_76' title='bbox 627 1540 706 1617; x_wconf 87' lang='lat' dir='ltr'>pueri</span> <span class='ocrx_word' id='word_1_77' title='bbox 719 1541 857 1600; x_wconf 85' lang='lat' dir='ltr'>custodiae</span> <span class='ocrx_word' id='word_1_78' title='bbox 877 1540 1003 1619; x_wconf 81' lang='lat' dir='ltr'>corporis</span> 
     </span>
     <span class='ocr_line' id='line_1_14' title="bbox 320 1620 1001 1701; baseline -0.006 -17"><span class='ocrx_word' id='word_1_79' title='bbox 320 1623 385 1701; x_wconf 82' lang='lat' dir='ltr'>ejus</span> <span class='ocrx_word' id='word_1_80' title='bbox 396 1621 514 1691; x_wconf 83' lang='lat' dir='ltr'>assueti,</span> <span class='ocrx_word' id='word_1_81' title='bbox 527 1641 582 1681; x_wconf 88' lang='lat' dir='ltr'>nec</span> <span class='ocrx_word' id='word_1_82' title='bbox 591 1620 698 1679; x_wconf 87' lang='lat' dir='ltr'>doloris</span> <span class='ocrx_word' id='word_1_83' title='bbox 709 1621 945 1699; x_wconf 86' lang='lat' dir='ltr'>magnitudinem</span> <span class='ocrx_word' id='word_1_84' title='bbox 956 1640 1001 1680; x_wconf 88' lang='lat' dir='ltr'>ca·</span> 
     </span>
     <span class='ocr_line' id='line_1_15' title="bbox 321 1698 1001 1781; baseline -0.004 -20"><span class='ocrx_word' id='word_1_85' title='bbox 321 1721 411 1780; x_wconf 76' lang='lat' dir='ltr'>pete,</span> <span class='ocrx_word' id='word_1_86' title='bbox 431 1721 486 1761; x_wconf 87' lang='lat' dir='ltr'>nec</span> <span class='ocrx_word' id='word_1_87' title='bbox 498 1718 527 1759; x_wconf 82' lang='lat' dir='ltr'>te</span> <span class='ocrx_word' id='word_1_88' title='bbox 542 1700 617 1776; x_wconf 86' lang='lat' dir='ltr'>ipsos</span> <span class='ocrx_word' id='word_1_89' title='bbox 631 1699 704 1759; x_wconf 86' lang='lat' dir='ltr'>intra</span> <span class='ocrx_word' id='word_1_90' title='bbox 722 1698 904 1760; x_wconf 85' lang='lat' dir='ltr'>vestibulum</span> <span class='ocrx_word' id='word_1_91' title='bbox 921 1698 1001 1781; x_wconf 80' lang='lat' dir='ltr'>regia</span> 
     </span>
     <span class='ocr_line' id='line_1_16' title="bbox 324 1777 1003 1857; baseline -0.006 -17"><span class='ocrx_word' id='word_1_92' title='bbox 324 1780 447 1840; x_wconf 83' lang='lat' dir='ltr'>retinere</span> <span class='ocrx_word' id='word_1_93' title='bbox 466 1793 617 1857; x_wconf 86' lang='lat' dir='ltr'>potuerunt</span> <span class='ocrx_word' id='word_1_94' title='bbox 635 1799 645 1839; x_wconf 73' lang='lat' dir='ltr'>a</span> <span class='ocrx_word' id='word_1_95' title='bbox 663 1777 786 1856; x_wconf 85' lang='lat' dir='ltr'>vagique</span> <span class='ocrx_word' id='word_1_96' title='bbox 799 1795 829 1838; x_wconf 91' lang='lat' dir='ltr'>et</span> <span class='ocrx_word' id='word_1_97' title='bbox 846 1779 1003 1841; x_wconf 85' lang='lat' dir='ltr'>furentibus</span> 
     </span>
     <span class='ocr_line' id='line_1_17' title="bbox 323 1857 1004 1920; baseline -0.007 0"><span class='ocrx_word' id='word_1_98' title='bbox 323 1858 431 1920; x_wconf 77' lang='lat' dir='ltr'>similes</span> <span class='ocrx_word' id='word_1_99' title='bbox 440 1875 532 1919; x_wconf 85' lang='lat' dir='ltr'>totam</span> <span class='ocrx_word' id='word_1_100' title='bbox 541 1860 641 1917; x_wconf 82' lang='lat' dir='ltr'>urbem</span> <span class='ocrx_word' id='word_1_101' title='bbox 649 1857 729 1916; x_wconf 89' lang='lat' dir='ltr'>luctu</span> <span class='ocrx_word' id='word_1_102' title='bbox 738 1876 773 1915; x_wconf 88' lang='lat' dir='ltr'>ac</span> <span class='ocrx_word' id='word_1_103' title='bbox 782 1878 916 1919; x_wconf 88' lang='lat' dir='ltr'>rnoetote</span> <span class='ocrx_word' id='word_1_104' title='bbox 925 1878 1004 1918; x_wconf 90' lang='lat' dir='ltr'>com·</span> 
     </span>
     <span class='ocr_line' id='line_1_18' title="bbox 323 1935 1004 2015; baseline -0.001 -20"><span class='ocrx_word' id='word_1_105' title='bbox 323 1937 493 2015; x_wconf 80' lang='lat' dir='ltr'>pleverant3</span> <span class='ocrx_word' id='word_1_106' title='bbox 514 1937 600 1997; x_wconf 84' lang='lat' dir='ltr'>nullis</span> <span class='ocrx_word' id='word_1_107' title='bbox 617 1935 759 2012; x_wconf 82' lang='lat' dir='ltr'>questibus</span> <span class='ocrx_word' id='word_1_108' title='bbox 776 1937 910 2006; x_wconf 85' lang='lat' dir='ltr'>omissis,</span> <span class='ocrx_word' id='word_1_109' title='bbox 937 1956 1004 2014; x_wconf 83' lang='lat' dir='ltr'>quos</span> 
     </span>
     <span class='ocr_line' id='line_1_19' title="bbox 324 2013 1003 2096; baseline -0.003 -19"><span class='ocrx_word' id='word_1_110' title='bbox 324 2016 355 2077; x_wconf 88' lang='lat' dir='ltr'>in</span> <span class='ocrx_word' id='word_1_111' title='bbox 370 2014 419 2073; x_wconf 91' lang='lat' dir='ltr'>tali</span> <span class='ocrx_word' id='word_1_112' title='bbox 436 2036 502 2075; x_wconf 88' lang='lat' dir='ltr'>casu</span> <span class='ocrx_word' id='word_1_113' title='bbox 517 2015 602 2075; x_wconf 86' lang='lat' dir='ltr'>dolor</span> <span class='ocrx_word' id='word_1_114' title='bbox 617 2014 751 2094; x_wconf 81' lang='lat' dir='ltr'>suggerit.</span> <span class='ocrx_word' id='word_1_115' title='bbox 771 2013 851 2096; x_wconf 85' lang='lat' dir='ltr'>Ergo</span> <span class='ocrx_word' id='word_1_116' title='bbox 863 2017 916 2092; x_wconf 90' lang='lat' dir='ltr'>qui</span> <span class='ocrx_word' id='word_1_117' title='bbox 928 2032 1003 2077; x_wconf 80' lang='lat' dir='ltr'>extra</span> 
     </span>
     <span class='ocr_line' id='line_1_20' title="bbox 324 2092 1004 2174; baseline -0.004 -19"><span class='ocrx_word' id='word_1_118' title='bbox 324 2093 434 2174; x_wconf 87' lang='lat' dir='ltr'>regiam</span> <span class='ocrx_word' id='word_1_119' title='bbox 453 2094 597 2154; x_wconf 83' lang='lat' dir='ltr'>astiterant</span> <span class='ocrx_word' id='word_1_120' title='bbox 614 2092 786 2162; x_wconf 81' lang='lat' dir='ltr'>Macedones</span> <span class='ocrx_word' id='word_1_121' title='bbox 809 2095 920 2170; x_wconf 82' lang='lat' dir='ltr'>pariter</span> <span class='ocrx_word' id='word_1_122' title='bbox 940 2097 1004 2155; x_wconf 87' lang='lat' dir='ltr'>bat-</span> 
     </span>
     <span class='ocr_line' id='line_1_21' title="bbox 325 2173 1006 2249; baseline -0.004 -15"><span class='ocrx_word' id='word_1_123' title='bbox 325 2173 442 2249; x_wconf 89' lang='lat' dir='ltr'>batique</span> <span class='ocrx_word' id='word_1_124' title='bbox 460 2190 653 2245; x_wconf 81' lang='lat' dir='ltr'>concurrunt3</span> <span class='ocrx_word' id='word_1_125' title='bbox 675 2190 729 2231; x_wconf 87' lang='lat' dir='ltr'>nec</span> <span class='ocrx_word' id='word_1_126' title='bbox 747 2190 885 2247; x_wconf 85' lang='lat' dir='ltr'>poterant</span> <span class='ocrx_word' id='word_1_127' title='bbox 904 2175 1006 2237; x_wconf 85' lang='lat' dir='ltr'>victia</span> 
     </span>
     <span class='ocr_line' id='line_1_22' title="bbox 327 2249 1006 2313; baseline -0.001 -1"><span class='ocrx_word' id='word_1_128' title='bbox 327 2252 483 2313; x_wconf 81' lang='lat' dir='ltr'>victoribus</span> <span class='ocrx_word' id='word_1_129' title='bbox 506 2252 536 2311; x_wconf 92' lang='lat' dir='ltr'>in</span> <span class='ocrx_word' id='word_1_130' title='bbox 562 2249 711 2312; x_wconf 91' lang='lat' dir='ltr'>communi</span> <span class='ocrx_word' id='word_1_131' title='bbox 736 2250 840 2311; x_wconf 92' lang='lat' dir='ltr'>dolote</span> <span class='ocrx_word' id='word_1_132' title='bbox 873 2252 1006 2313; x_wconf 81' lang='lat' dir='ltr'>discerni.</span> 
     </span>
     <span class='ocr_line' id='line_1_23' title="bbox 323 2327 1006 2407; baseline -0.001 -16"><span class='ocrx_word' id='word_1_133' title='bbox 323 2328 415 2391; x_wconf 75' lang='lat' dir='ltr'>Persa</span> <span class='ocrx_word' id='word_1_134' title='bbox 419 2328 605 2407; x_wconf 77' lang='lat' dir='ltr'>justissimum</span> <span class='ocrx_word' id='word_1_135' title='bbox 615 2327 834 2389; x_wconf 77' lang='lat' dir='ltr'>demitissimum</span> <span class='ocrx_word' id='word_1_136' title='bbox 842 2330 1006 2402; x_wconf 70' lang='lat' dir='ltr'>domiuum,⁸</span> 
     </span>
     <span class='ocr_line' id='line_1_24' title="bbox 324 2405 1006 2491; baseline -0.001 -22"><span class='ocrx_word' id='word_1_137' title='bbox 324 2410 499 2469; x_wconf 84' lang='lat' dir='ltr'>Macedones</span> <span class='ocrx_word' id='word_1_138' title='bbox 515 2408 643 2489; x_wconf 80' lang='lat' dir='ltr'>optimum</span> <span class='ocrx_word' id='word_1_139' title='bbox 660 2405 898 2482; x_wconf 76' lang='lat' dir='ltr'>desertissimum</span> <span class='ocrx_word' id='word_1_140' title='bbox 916 2430 1006 2491; x_wconf 84' lang='lat' dir='ltr'>regent</span> 
     </span>
     <span class='ocr_line' id='line_1_25' title="bbox 325 2487 1006 2563; baseline 0.001 -16"><span class='ocrx_word' id='word_1_141' title='bbox 325 2490 516 2555; x_wconf 88' lang='lat' dir='ltr'>invocantes,</span> <span class='ocrx_word' id='word_1_142' title='bbox 540 2507 684 2548; x_wconf 76' lang='lat' dir='ltr'>certamen</span> <span class='ocrx_word' id='word_1_143' title='bbox 705 2487 849 2563; x_wconf 88' lang='lat' dir='ltr'>quoddam</span> <span class='ocrx_word' id='word_1_144' title='bbox 873 2489 1006 2550; x_wconf 85' lang='lat' dir='ltr'>moeroris</span> 
     </span>
     <span class='ocr_line' id='line_1_26' title="bbox 324 2566 1026 2635; baseline 0.004 -10"><span class='ocrx_word' id='word_1_145' title='bbox 324 2566 457 2628; x_wconf 81' lang='lat' dir='ltr'>edebant.</span> <span class='ocrx_word' id='word_1_146' title='bbox 470 2568 533 2627; x_wconf 87' lang='lat' dir='ltr'>Nec</span> <span class='ocrx_word' id='word_1_147' title='bbox 543 2585 710 2627; x_wconf 88' lang='lat' dir='ltr'>moestorum</span> <span class='ocrx_word' id='word_1_148' title='bbox 721 2567 838 2635; x_wconf 85' lang='lat' dir='ltr'>solum,</span> <span class='ocrx_word' id='word_1_149' title='bbox 856 2571 1005 2630; x_wconf 87' lang='lat' dir='ltr'>sedetiam</span> <span class='ocrx_word' id='word_1_150' title='bbox 1023 2627 1026 2634; x_wconf 85' lang='grc'><em>,</em></span> 
     </span>
     <span class='ocr_line' id='line_1_27' title="bbox 324 2642 1006 2722; baseline 0.001 -17"><span class='ocrx_word' id='word_1_151' title='bbox 324 2646 534 2720; x_wconf 84' lang='lat' dir='ltr'>indignantium</span> <span class='ocrx_word' id='word_1_152' title='bbox 558 2668 644 2707; x_wconf 83' lang='lat' dir='ltr'>voces</span> <span class='ocrx_word' id='word_1_153' title='bbox 669 2642 921 2722; x_wconf 76' lang='lat' dir='ltr'>exaudiebatttut3</span> <span class='ocrx_word' id='word_1_154' title='bbox 950 2666 1006 2707; x_wconf 79' lang='lat' dir='ltr'>tom</span> 
     </span>
     <span class='ocr_line' id='line_1_28' title="bbox 324 2721 1007 2805; baseline 0.003 -20"><span class='ocrx_word' id='word_1_155' title='bbox 324 2723 463 2793; x_wconf 73' lang='lat' dir='ltr'>viridem,</span> <span class='ocrx_word' id='word_1_156' title='bbox 486 2743 513 2783; x_wconf 84' lang='lat' dir='ltr'>et</span> <span class='ocrx_word' id='word_1_157' title='bbox 529 2725 559 2785; x_wconf 82' lang='lat' dir='ltr'>in</span> <span class='ocrx_word' id='word_1_158' title='bbox 563 2724 639 2805; x_wconf 82' lang='lat' dir='ltr'>flore</span> <span class='ocrx_word' id='word_1_159' title='bbox 651 2723 744 2784; x_wconf 72' lang='lat' dir='ltr'>atatis</span> <span class='ocrx_word' id='word_1_160' title='bbox 758 2721 942 2804; x_wconf 67' lang='lat' dir='ltr'>fortunaeque</span> <span class='ocrx_word' id='word_1_161' title='bbox 962 2727 1007 2786; x_wconf 84' lang='lat' dir='ltr'>itt·</span> 
     </span>
     <span class='ocr_line' id='line_1_29' title="bbox 322 2800 1010 2883; baseline 0.004 -19"><span class='ocrx_word' id='word_1_162' title='bbox 322 2801 404 2864; x_wconf 66' lang='lat' dir='ltr'>rudia</span> <span class='ocrx_word' id='word_1_163' title='bbox 425 2802 517 2862; x_wconf 75' lang='lat' dir='ltr'>Dedm</span> <span class='ocrx_word' id='word_1_164' title='bbox 536 2822 656 2883; x_wconf 79' lang='lat' dir='ltr'>ereptum</span> <span class='ocrx_word' id='word_1_165' title='bbox 676 2823 738 2862; x_wconf 87' lang='lat' dir='ltr'>esse</span> <span class='ocrx_word' id='word_1_166' title='bbox 756 2800 838 2861; x_wconf 83' lang='lat' dir='ltr'>redut</span> <span class='ocrx_word' id='word_1_167' title='bbox 861 2802 1010 2869; x_wconf 76' lang='lat' dir='ltr'>nummis.</span> 
     </span>
     <span class='ocr_line' id='line_1_30' title="bbox 326 2880 1017 2961; baseline 0.006 -19"><span class='ocrx_word' id='word_1_168' title='bbox 326 2880 422 2960; x_wconf 92' lang='lat' dir='ltr'>Vigor</span> <span class='ocrx_word' id='word_1_169' title='bbox 438 2882 498 2961; x_wconf 87' lang='lat' dir='ltr'>ejus</span> <span class='ocrx_word' id='word_1_170' title='bbox 514 2900 542 2944; x_wconf 87' lang='lat' dir='ltr'>et</span> <span class='ocrx_word' id='word_1_171' title='bbox 556 2884 650 2943; x_wconf 80' lang='lat' dir='ltr'>vultus</span> <span class='ocrx_word' id='word_1_172' title='bbox 666 2882 808 2943; x_wconf 86' lang='lat' dir='ltr'>educentis</span> <span class='ocrx_word' id='word_1_173' title='bbox 824 2883 856 2943; x_wconf 86' lang='lat' dir='ltr'>in</span> <span class='ocrx_word' id='word_1_174' title='bbox 873 2887 1017 2960; x_wconf 83' lang='lat' dir='ltr'>praelium-</span> 
     </span>
    </p>
   </div>
   <div class='ocr_carea' id='block_1_2' title="bbox 326 2961 1012 3042">
    <p class='ocr_par' dir='ltr' id='par_1_3' title="bbox 326 2961 1012 3042">
     <span class='ocr_line' id='line_1_31' title="bbox 326 2961 1012 3042; baseline 0.032 -22"><span class='ocrx_word' id='word_1_175' title='bbox 326 2962 449 3034; x_wconf 83' lang='lat' dir='ltr'>milites,</span> <span class='ocrx_word' id='word_1_176' title='bbox 462 2962 613 3042; x_wconf 82' lang='lat' dir='ltr'>obsidentis</span> <span class='ocrx_word' id='word_1_177' title='bbox 622 2964 722 3041; x_wconf 83' lang='lat' dir='ltr'>urbes,</span> <span class='ocrx_word' id='word_1_178' title='bbox 735 2961 882 3029; x_wconf 77' lang='lat' dir='ltr'>evadentis</span> <span class='ocrx_word' id='word_1_179' title='bbox 893 2965 928 3026; x_wconf 77' lang='lat' dir='ltr'>in</span> <span class='ocrx_word' id='word_1_180' title='bbox 940 2987 1012 3042; x_wconf 66' lang='lat' dir='ltr'>mu:</span> 
     </span>
    </p>
   </div>
   <div class='ocr_carea' id='block_1_3' title="bbox 0 0 1342 4017">
    <p class='ocr_par' dir='ltr' id='par_1_4' title="bbox 0 0 1342 4017">
     <span class='ocr_line' id='line_1_32' title="bbox 0 0 1342 4017; baseline 0 0"><span class='ocrx_word' id='word_1_181' title='bbox 0 0 1342 4017; x_wconf 95' lang='lat' dir='ltr'> </span> 
     </span>
    </p>
   </div>
  </div>
 </body>
</html>
