2625 4017
421 571 469 631 ln
503 577 540 642 Q‘.
576 577 769 632 contrusi
797 584 826 637 1.
859 585 882 638 l.
962 603 996 648 ry

324 667 426 717 sumum
436 666 551 725 dicerer,
567 668 755 736 hortareturque
764 687 821 730 eos,
837 674 865 722 ad
878 691 939 739 quor
953 693 996 740 pe·

266 773 267 804 ¹
323 735 423 784 ticulum
438 734 545 784 maxime
555 734 713 797 pertinebat,
727 754 772 795 ut,
792 741 833 792 Lei
845 757 868 792 ct
883 745 995 795 Erechtel

266 813 268 872 ς
317 804 380 866 filias
395 804 509 860 imitati,
523 804 637 869 spiritum
650 822 696 871 pro
705 807 880 871 patriaesahrte
889 812 991 875 prosun-

266 881 268 914 ν
321 872 367 921 dare
383 886 413 919 ne
429 871 591 927 dubitarent,
608 869 805 929 Demosthenes,
823 873 863 937 qur¹
879 877 991 926 nomina.

319 936 359 985 tirn
375 937 528 999 petebanrr,
549 936 671 995 surrexit,
690 937 823 1002 docuitque
831 943 894 1003 sani
909 945 991 997 Athe.

319 1006 422 1061 aienses,
440 1007 464 1053 si
482 1021 614 1072 paucorum
638 1007 755 1057 deditione
766 1009 873 1072 periculo
891 1011 991 1079 defungi

315 1088 376 1138 posse
385 1074 513 1123 crederent
524 1091 532 1118 .·
543 1073 646 1122 callidos
655 1074 798 1123 Maccdonas
809 1091 844 1123 eos
854 1092 988 1142 exposcere,

317 1155 412 1203 quorum
432 1138 596 1205 vigilantiam
613 1156 681 1203 arque
698 1140 812 1190 virtutem
829 1145 931 1193 maxfrne
952 1145 993 1193 in·

316 1207 390 1254 airam
406 1220 586 1270 suspectumque
599 1206 720 1256 haberent.
736 1208 836 1257 Amoris·
842 1208 944 1273 publice
961 1211 994 1259 li·

315 1272 414 1322 brrtatis
428 1272 590 1329 custodibus,
611 1274 636 1321 in
650 1273 732 1322 oriam
746 1274 770 1322 in
777 1274 936 1337 {escarumque
951 1277 990 1325 ci·

314 1341 431 1394 aiteram,
450 1341 991 1406 tanquamluposr'novescanihusdesn'ruter,

315 1406 424 1473 inpetum
434 1406 553 1468 facturos
567 1423 623 1455 esse.
642 1406 722 1455 Multa
731 1405 889 1456 commiserat
901 1406 925 1455 in
936 1410 994 1456 Ma.

315 1475 417 1521 redonas
432 1472 633 1531 Demosthenes,
652 1474 685 1521 ob
701 1490 750 1537 que
760 1473 822 1522 haud
836 1472 922 1532 iniuria
935 1476 990 1524 nul·

315 1541 359 1588 lunt
371 1541 439 1601 apud
454 1555 502 1587 eos
514 1538 590 1588 venie
599 1541 683 1593 locum
694 1538 806 1589 relietum
816 1541 987 1593 arbitrabatur.

315 1606 430 1670 Philippo
455 1608 540 1655 occiso
563 1622 649 1657 auctor
669 1606 799 1665 extiterat,
820 1622 849 1657 ut
867 1609 988 1660 Pausania

316 1676 428 1723 sacellum
440 1688 609 1731 emerserant
621 1675 682 1738 apud
693 1674 828 1737 pulvinaria
838 1675 918 1725 Derim
929 1694 988 1740 sup·

315 1741 464 1803 plicationes
478 1741 624 1790 haberentur
632 1758 643 1798 ς·
656 1741 753 1805 aliaque
766 1743 799 1792 ob
811 1741 931 1807 insignem
946 1746 989 1793 lat·
1068 1805 1075 1812 .

316 1808 393 1858 titiam
418 1807 519 1857 decerni
542 1808 616 1859 solita
644 1824 795 1861 curarentur.
818 1810 987 1864 Alexandrum
1033 1865 1035 1870 ,

316 1876 372 1925 alias
387 1894 511 1944 puerum,
533 1876 592 1924 alias
608 1875 755 1942 prodigiose
772 1876 894 1927 vecordia
909 1896 989 1935 voca·-

317 1943 371 1993 lulo
387 1947 517 2011 Margircn
536 1946 713 2006 appellaverat.
737 1943 838 1994 Persico
855 1961 915 2010 auro
932 1963 987 1995 cor-

317 2026 413 2073 ruptus,
431 2010 541 2060 omniurn
551 2014 601 2060 fere
612 2011 749 2069 bellorum,
765 2026 815 2075 quar
830 2027 914 2061 eontra
926 2013 988 2063 Alt-

317 2080 427 2127 randrurn
444 2094 587 2142 patremque
603 2080 654 2140 cjus
663 2077 803 2142 Philippum
815 2079 893 2128 Graeci
909 2081 986 2144 depu-

318 2161 463 2209 gnavemnt,
482 2148 521 2194 fax
537 2162 607 2209 atque
622 2144 737 2195 concitur
750 2150 838 2197 fuerat.
853 2147 985 2206 Attalum,

319 2230 361 2275 quo
377 2212 519 2278 grauiorem
538 2212 699 2263 adversarium
716 2228 768 2263 non·
789 2214 904 2263 habuerat
923 2216 987 2264 r'lle·

320 2281 420 2339 rander,
436 2279 626 2330 Atheniensium
638 2280 782 2331 societatem
793 2280 940 2344 pollicitus,
956 2284 985 2333 ad

320 2346 405 2398 bellurn
428 2347 480 2412 regi
496 2350 578 2411 palant-
600 2348 752 2397 inferendum
776 2348 986 2401 exstimulaverat.

320 2411 398 2479 Neque
418 2414 509 2465 civitas
525 2414 715 2466 Atheniensium
737 2414 898 2466 mediocriter
920 2416 986 2467 deli-

319 2497 412 2544 querat,
430 2482 546 2532 detractis
556 2481 665 2547 Philippi
676 2482 778 2541 statuis,
794 2498 923 2547 earumque
934 2499 987 2533 ma-

318 2548 373 2597 teria
386 2549 412 2599 in
426 2550 505 2599 fredos
521 2566 576 2599 usus
588 2566 705 2600 conversa
719 2549 839 2614 :aliisque
855 2551 984 2609 admissis,

318 2631 362 2679 que
377 2617 472 2683 vulgus>
486 2615 629 2681 inperitum
650 2633 677 2668 et
694 2618 804 2674 mobile,
822 2619 889 2667 nulla
908 2619 986 2669 surturi

318 2698 385 2742 cura,
405 2701 435 2734 err
456 2684 561 2734 arbitrio
582 2701 699 2751 suasuque
720 2701 855 2748 paucorum
876 2685 984 2736 animose

318 2764 444 2814 perpetrat.
455 2752 501 2801 Sed
512 2751 579 2801 nihil
591 2750 678 2810 exiis,
695 2768 745 2817 qua
754 2756 878 2816 prefracte
888 2767 914 2803 et
923 2771 984 2803 con·

317 2818 439 2868 meraciter
461 2822 595 2878 fecerant,
620 2835 688 2883 aeque
711 2818 850 2869 commovit
869 2836 952 2885 regern
974 2854 982 2877 ,

319 2901 382 2947 quarn
395 2884 421 2935 in
434 2885 565 2936 Thebanos
578 2885 731 2943 humanitas,
748 2903 809 2950 quos
822 2885 887 2937 inter
899 2887 983 2950 patriae

320 2951 403 3003 ruinam
419 2954 537 3017 elapsos,
561 2968 649 3003 contra
666 2952 743 3017 ipsius
759 2952 866 3003 edictum
882 2969 982 3017 recepe·

319 3033 381 3082 saut,
397 3034 492 3073 unium
508 3021 636 3074 obsutum
650 3019 843 3074 uirens-doloris
852 3036 900 3088 pre
911 3024 982 3073 refe-
