2625 4017
278 594 285 620 i

379 546 445 638 '372'
565 543 894 629 Q.CURT11

423 652 513 714 Car.
524 644 608 711 V11.
620 650 684 709 Rex
696 648 886 728 Scytharum,
909 648 990 730 cujus
1000 664 1065 715 tum

382 735 459 797 ultra
480 728 597 791 Tanain
616 731 770 807 imperium
789 746 872 797 erat,
898 747 975 791 ratus
997 751 1065 794 eam

385 815 515 878 urbem,
541 829 628 886 quarn
647 809 678 869 in
696 810 755 886 ripa
774 808 866 870 amnis
885 809 1063 873 Macedones

383 891 594 959 condiderant,
615 888 672 951 suis
686 888 852 966 impositam
868 908 928 949 esse
943 890 1067 953 certici·

384 974 437 1034 bus
447 993 456 1043 3
468 970 583 1031 fratrem
595 970 735 1029 Cartasim
745 968 865 1029 nomine
876 989 943 1029 cum
954 990 1066 1052 magna

384 1051 514 1131 equitum
536 1068 624 1110 manu
641 1049 718 1109 misit
738 1046 774 1107 ad
795 1044 957 1107 diruendam
976 1068 1067 1119 eam,

382 1128 532 1212 proculque
554 1147 634 1188 amne
654 1125 854 1188 submovendas
871 1124 1066 1187 Macedonum

385 1208 493 1289 copias.
504 1209 669 1269 Bactrianos
678 1207 787 1267 Tanais
803 1208 838 1266 ab
848 1206 976 1285 Scythis,
989 1228 1066 1285 quos

385 1287 540 1365 Europaeos
550 1302 677 1355 vocant,
692 1286 800 1348 dividit.
819 1285 899 1345 Idem
915 1286 1018 1347 Asiam
1035 1302 1066 1348 et

386 1366 535 1445 Europam
548 1366 613 1425 finis
627 1363 772 1427 interfluit.
789 1365 925 1426 Ceterum
940 1365 1067 1445 Scytha-

386 1466 453 1508 rum
476 1465 546 1526 gens
569 1444 644 1505 haud
670 1446 772 1523 procul
796 1443 921 1506 Thracia
947 1445 1001 1506 sita
1028 1446 1067 1505 ab

386 1524 511 1588 Oriente
528 1523 562 1585 ad
578 1524 807 1603 Septentrionem
825 1545 855 1585 se
873 1523 978 1599 vertit3
994 1523 1067 1584 Sar-

387 1621 609 1684 matarumque,
630 1620 663 1665 ut
681 1603 797 1683 quidam
818 1603 981 1675 credidere,
1001 1623 1067 1663 non

387 1684 534 1754 finitima,
549 1684 596 1745 sed
609 1704 674 1762 pars
689 1701 740 1747 est.
752 1683 843 1744 Recta
858 1683 1068 1762 deinderegioe

387 1784 458 1827 nem
481 1764 569 1826 aliam
591 1766 665 1824 ultra
683 1764 786 1824 Istrum
805 1763 948 1842 iacentem
969 1763 1067 1824 colit:

387 1844 490 1905 ultima
511 1843 607 1912 Asiae,
629 1864 690 1921 quae
708 1844 809 1903 Bactra
829 1858 917 1912 sunt,
940 1843 1066 1924 stringit.

388 1920 464 2000 Quae
476 1922 669 1999 Septentrioni
679 1922 810 1999 proxima
822 1939 885 1982 sunt
896 1960 907 1990 ‚
917 1922 1067 1999 profundae

386 1999 454 2063 inde
465 2002 563 2071 silve,
580 1999 720 2080 vasraeipue
732 2001 895 2062 solitudines
905 2000 1069 2077 excipiunt·

387 2078 495 2142 Rursus
507 2102 568 2159 quae
583 2081 617 2141 ad
631 2080 748 2141 Tanain
764 2082 902 2141 etBactra
915 2098 1067 2157 spectant,

385 2158 516 2221 humano
533 2160 611 2221 cultu
630 2158 705 2221 haud
723 2160 842 2239 disparia
857 2177 931 2222 sunt.
949 2159 1065 2221 Primus

385 2259 455 2302 eum
470 2238 526 2300 hac
541 2258 627 2319 genre
639 2260 700 2301 non
711 2240 858 2317 previsum
868 2240 978 2300 bellum
991 2239 1068 2300 Ale·

384 2318 495 2382 :ander
513 2336 664 2401 gesturus,
687 2341 754 2381 cum
771 2321 801 2381 in
826 2335 984 2397 conspectu
1002 2319 1066 2400 ejus

383 2397 677 2478 obequitarethostis,
696 2399 788 2461 adhuc
797 2420 870 2480 aeger
879 2419 915 2461 ex
923 2398 1066 2470 vulnere,

383 2478 527 2559 precipue
540 2499 614 2541 voce
625 2478 775 2551 deficiens,
796 2501 882 2557 quana
892 2477 1066 2540 'etmodicus

383 2555 465 2620 cibus
475 2575 504 2618 et
514 2558 633 2621 cervicis
643 2562 815 2620 extenuabat
828 2558 936 2629 dolor,
954 2557 1065 2619 amicos

384 2634 418 2698 in
430 2634 579 2698 consiliunt
588 2635 721 2699 aduocari
734 2639 823 2717 jubet.
834 2638 976 2701 Terrebat
993 2657 1065 2700 eum

383 2711 574 2784 reinherus,
596 2717 644 2778 sed
664 2717 797 2798 iniquitas
817 2717 966 2797 temporis.
986 2717 1068 2784 Bace.

382 2796 1066 2877 trianidefecerant:Scythaeeriamlacessebanta

380 2872 446 2955 ipse
460 2895 520 2937 non
529 2878 655 2939 insistere
666 2877 696 2937 in
706 2895 782 2941 terra
792 2902 802 2953 3
814 2899 874 2939 non
885 2897 963 2956 equo
970 2875 1069 2950 vebia

382 2972 446 3031 ¹nou
456 2955 582 3044 decere!
593 2978 655 3027 non
666 2957 774 3026 hortari
784 2979 850 3027 suos
862 2974 989 3039 poterat,
998 2957 1070 3034 nm
