2625 4017
404 580 467 666 ‘54'6‘
586 578 632 661 Q.
672 577 923 643 CUR'I'll

410 706 440 748 et
451 683 645 752 Lecnnttum,
667 682 721 743 rtir
739 680 849 761 tregia
861 680 990 761 genitor.
1000 678 1073 759 Adje-

404 767 472 835 cit,
494 782 523 822 tet
536 762 565 821 in
577 758 687 839 Europa
698 702 836 823 (latetur
846 779 876 820 et
885 758 1030 841 Antipater
1039 778 1075 819 ter

405 840 1077 921 administrarentffumjusjurandumasingulis

406 941 544 984 exactum
557 918 673 996 ficturos
696 920 727 979 in
743 936 887 999 potestate
908 919 987 999 regis
1002 916 1079 1000 geniti

409 999 585 1064 Alexandro.
612 1001 762 1080 Meleager
782 998 860 1059 haud
886 997 1078 1076 injuriantem

407 1081 539 1159 supplicii
551 1080 679 1146 territus,
695 1099 762 1138 cum
772 1078 830 1137 suis
840 1097 1007 1141 secesserat.
1019 1078 1079 1139 Rur-

404 1156 1078 1238 susPltilippumtrahenssecumirrupitregiam‚
1117 1223 1119 1228 ¹

405 1232 1077 1316 clamitantsuffragarireipttblt'caedenovorege
1117 1279 1119 1286 .

403 1318 487 1400 paulo
503 1334 567 1378 ante
580 1335 708 1394 concepto
726 1340 736 1374 .·
757 1312 843 1374 robur
858 1316 963 1377 erratis
980 1314 1078 1406 expeti·

404 1415 524 1468 rentum
543 1394 621 1455 modo
639 1394 752 1471 stirpem
765 1389 900 1473 Philippi
914 1435 931 1466 ,.
944 1416 972 1456 et
982 1394 1078 1473 filtun,

402 1474 560 1550 acfrarrem
570 1493 662 1553 tegunt
674 1471 785 1531 duorum
792 1470 990 1553 sibimetipsis
999 1473 1077 1555 potis·

405 1556 506 1615 simunt
515 1552 666 1615 crederent.
677 1552 800 1613 Nullum
806 1554 991 1628 profundum
1000 1572 1076 1618 mare,

403 1636 519 1695 nullum
530 1653 640 1695 vastum
650 1634 753 1692 fretum
765 1649 793 1691 et
802 1634 1009 1708 procellosum
1024 1652 1078 1692 tan·

408 1734 454 1774 tos
465 1716 521 1774 ciet
536 1713 654 1780 fluctus,
676 1730 797 1787 quantos
813 1712 978 1773 multitudo
997 1730 1078 1772 motus

407 1794 492 1853 habet
503 1836 515 1863 ,
538 1793 634 1869 utique
646 1790 668 1849 si
678 1811 753 1850 nova
764 1808 793 1850 et
802 1792 885 1852 brevi
902 1793 1036 1853 duratura
1049 1790 1078 1848 li·

403 1873 512 1933 bertate
542 1872 676 1933 luxuriat.
704 1869 793 1929 Pauci
820 1868 970 1933 Perdiccae
1000 1869 1079 1931 modo

399 1953 514 2020 electo,
532 1953 626 2029 plures
638 1945 773 2025 Philippo
793 1970 883 2025 quarn
899 1968 1079 2028 speraverat,

338 2104 340 2108 Ι
399 2030 554 2107 imperium
570 2032 684 2090 dabant.
711 2028 776 2088 Nec
792 2028 890 2097 velle,
911 2051 970 2090 nec
987 2030 1079 2092 nolle,

402 2111 557 2187 quidquam
596 2110 645 2168 diu
672 2124 830 2186 poterant3
869 2111 1077 2185 paenitebatque

402 2192 493 2250 modo
519 2187 654 2256 consilii,
674 2187 763 2247 modo
784 2188 967 2263 poenitentiae
990 2190 1079 2266 ipsius.

402 2270 449 2329 Ad
466 2270 601 2331 ultimum
620 2283 716 2328 tamen
730 2268 758 2325 in
772 2265 890 2342 stirpem
904 2270 1021 2350 regiam
1037 2269 1078 2326 ln·

404 2349 549 2410 clinavere
574 2346 681 2408 studiis.
711 2345 841 2404 Cesserat
870 2368 906 2406 ex
939 2348 1080 2408 concione

396 2428 529 2488 'Aridarus
538 2425 697 2505 principum
709 2423 877 2484 auctoritate
889 2429 1079 2490 conterritus,

399 2526 428 2565 et
448 2510 568 2567 abeunte
584 2508 636 2566 illo
657 2505 832 2564 conticuerat
849 2508 973 2583 magis,
996 2526 1077 2584 quarn

396 2586 549 2666 languerat
560 2585 689 2645 militaris
702 2585 794 2644 favor.
813 2583 913 2660 ltaque
928 2602 1078 2647 revocatur

395 2685 509 2726 vestem
526 2666 638 2733 fratris,
661 2684 725 2723 earn
743 2663 854 2739 ipsam,
874 2681 940 2739 tpuae
960 2665 992 2725 in
1013 2664 1078 2725 sella

394 2745 490 2823 posita
503 2746 612 2815 fuerat,
634 2742 768 2803 induitur.
789 2740 827 2801 Et
839 2741 996 2824 Meleager
1012 2745 1077 2804 tlto·

397 2844 464 2883 tace
478 2841 571 2884 sumto
589 2826 663 2901 capit
674 2843 772 2889 arma,
793 2820 920 2897 novique
938 2823 1018 2905 regis
1031 2844 1076 2885 sa·

394 2904 481 2962 telles
492 2904 626 2981 sequitur.
637 2903 764 2963 Phalanx
774 2898 859 2961 hastis
870 2902 994 2979 clypeos
1005 2923 1076 2981 qua-

391 2981 489 3055 tient,
507 2980 714 3065 expletrtarnte
726 2978 862 3061 sanguine
873 2978 1014 3057 illorum,
1033 2978 1080 3065 qni
