2625 4017
315 573 383 633 '1'20'
497 566 539 646 Q.
580 561 823 628 CURTII

315 672 407 751 pitem
428 691 462 730 ac
477 669 655 747 supplicem,
673 686 741 729 tunc
759 665 885 728 maxime
906 659 990 730 utilia

248 744 251 757 ’
315 750 481 810 euadentem
494 789 504 818 ,
523 746 644 808 abstrahi
658 749 735 826 jussit
745 745 782 807 od
793 745 912 825 capitale
923 765 992 825 sup-

312 828 441 910 pliciunt.
451 829 504 888 Ille
515 848 552 889 ne
563 845 624 888 tum
639 828 753 905 quidem
766 827 901 885 libertatis
914 828 992 887 obli-

315 927 386 978 ttts,
399 905 503 977 ltnbeo,
520 908 636 986 inquit,
658 923 788 986 paratum
805 904 901 964 mortis
922 925 994 967 mete

314 988 430 1048 ultorem
442 1012 452 1047 .-
467 985 577 1068 experet
586 1006 681 1067 ponas
692 984 747 1045 mei
758 982 870 1044 consilii
885 984 990 1064 spreti,

315 1066 344 1127 ls
357 1067 437 1149 ipre,
458 1086 552 1127 contro
565 1086 642 1144 quenz
655 1063 707 1124 tibi
720 1064 808 1125 tunsi.
820 1062 865 1123 Tu
881 1062 994 1143 quidem

316 1141 435 1208 licentia
451 1145 530 1226 regni
550 1163 606 1205 tarn
626 1142 716 1204 subito
736 1157 879 1213 mutatur,
901 1140 990 1202 doru·

316 1244 437 1286 mentum
458 1226 515 1285 etit
537 1223 682 1306 posteris,
708 1220 852 1294 domines,
878 1242 939 1282 runt
959 1242 994 1282 se

313 1304 464 1388 permisere
476 1303 620 1380 fortunae,
641 1304 726 1363 etiarn
744 1319 872 1360 naturam
893 1299 993 1377 dedis-

317 1389 390 1447 c'ere.
406 1384 477 1444 Haec
495 1383 723 1451 vociferantem,
742 1382 842 1457 quibus
861 1396 921 1441 erat
931 1381 1008 1448 im-‚

316 1482 466 1544 peratum,
483 1463 622 1545 jugulant.
633 1463 702 1522 Sera
712 1460 811 1535 deinde
823 1461 993 1537 poenitentia

316 1545 402 1618 subiit
420 1562 540 1623 regem,
561 1566 595 1605 ae
614 1561 681 1604 vero
700 1539 810 1601 dixisse
824 1541 998 1611 confessus,

222 1651 240 1700 ῃ
317 1623 504 1703 consepeliri
520 1624 610 1702 jussit.
654 1674 657 1678 .

354 1704 431 1765 Car.
444 1704 496 1765 111.
505 1702 674 1782 Thymodes
685 1718 744 1764 erat
754 1700 893 1762 Mentoris
902 1699 996 1773 filiast

316 1782 439 1865 impiger
449 1783 575 1859 juvenis3
587 1785 631 1845 cui
643 1800 813 1863 praeceptum
825 1800 865 1843 est
877 1804 892 1842 a
905 1781 993 1863 rege3

317 1880 348 1922 ut
360 1882 452 1921 ornnes
462 1864 626 1942 peregrinos
638 1860 761 1932 milites,
775 1862 804 1921 in
817 1863 915 1939 quibus
923 1865 996 1941 plu·

316 1944 422 2003 rimum
434 1941 555 2003 habebat
570 1944 653 2022 spei,
674 1963 692 2001 u
707 1940 891 2021 Pharnabazo
910 1941 995 2003 ocri-

337 2038 417 2094 eret,·
436 2043 520 2099 opera
536 2043 638 2085 eorum
653 2039 751 2083 usurus
766 2023 796 2081 in
809 2022 887 2083 bello
906 2045 915 2082 ε
934 2023 993 2100 ipsi

315 2042 503 2164 i'harnabozo
524 2106 608 2165 tradit
629 2103 801 2179 imperium,
824 2101 901 2180 quod
923 2120 993 2165 ante

316 2180 470 2247 Memnoni
484 2183 606 2246 dederat.
623 2183 753 2243 Anxium
769 2182 803 2241 de
822 2183 994 2245 instantibus

316 2262 390 2323 turis
405 2262 548 2342 agitabant
564 2266 651 2325 etiam
663 2261 713 2341 per
732 2282 866 2322 somnum
884 2264 993 2340 species

315 2340 531 2403 imminentium
547 2366 640 2405 rerum
653 2365 663 2416 3
676 2342 743 2405 'siue
758 2342 820 2402 illas
831 2343 966 2424 aegritudo
980 2379 998 2416 ,·

315 2424 376 2484 sive
389 2422 526 2486 divinatio
544 2425 632 2484 animi
652 2423 840 2501 praesagientis
859 2423 994 2488 accersit·

316 2502 418 2563 Castra
427 2503 581 2563 Alexandri
592 2524 699 2584 magno
712 2502 783 2581 ignis
800 2502 912 2585 fulgore
923 2505 992 2564 col·

316 2582 412 2643 lucere
425 2584 451 2641 ei
467 2583 526 2643 visa
541 2602 624 2644 sunt:
639 2601 668 2643 et
678 2584 765 2659 paulo
776 2601 840 2659 post
856 2585 991 2645 Alexan·
1019 2596 1025 2602 “

315 2663 365 2723 der
382 2663 481 2722 adduci
499 2662 533 2722 ad
552 2664 644 2742 ipsum
662 2664 691 2722 in
712 2683 748 2722 eo
764 2664 848 2725 vestis
866 2662 989 2735 habitu,

314 2761 374 2819 quo
389 2742 448 2819 ipse'
465 2743 560 2804 fuisset
571 2768 579 2804 z
592 2764 667 2820 equo
684 2742 784 2803 deinde
799 2764 849 2821 per
864 2744 994 2821 Babylo-

315 2840 384 2881 nem
400 2838 517 2892 veetus‚
544 2823 634 2883 subito
653 2843 720 2884 cum
736 2823 797 2898 ipso
810 2845 885 2902 equo
897 2824 993 2886 oculis

316 2913 376 2963 esse
390 2901 549 2964 subductus.
570 2902 615 2963 Ad
634 2901 693 2963 haec
709 2920 787 2963 vates
804 2905 882 2966 varia
899 2905 992 2964 inter·

312 2981 472 3061 pretatione
487 3002 584 3045 cutam
598 2981 818 3048 distrinxerunt:
831 2983 882 3046 alii
896 2981 992 3046 latum

958 3080 994 3145 id
