2625 4017
387 563 423 621 93
488 562 516 614 J.
550 559 740 613 FRElNSH.
776 558 967 610 supplent.

348 674 350 678 ·
389 666 459 708 mus,
478 649 519 715 qui
534 666 586 698 curn
603 647 669 712 Amy
664 662 711 695 nta
727 648 801 695 fratre
816 648 844 696 ad
858 646 960 697 Darium
976 649 1060 712 pett'n·

390 732 477 784 gerat,
494 715 597 766 occubt'
584 732 622 764 ιιι.
640 666 801 764 biecedonum
818 730 867 763 non
882 714 954 779 quide
957 734 978 764 ιιι
994 717 1060 764 ultra

391 784 499 834 sedecim
514 783 656 847 petierunt,
672 782 714 831 sed
728 797 776 831 tre:
780 783 829 831 enti
846 786 922 831 ferme
937 780 1062 832 vulnerari

392 866 465 908 suntt
487 852 541 915 quis
552 863 670 897 nocturna
685 865 765 912 pugna
773 852 869 907 suerat
885 864 960 914 neque
970 850 1061 899 adver-

392 936 434 968 sus
448 933 523 966 cacos
542 916 604 965 ictus
621 928 646 962 tt
664 913 798 964 incidentia
813 930 836 964 te
839 931 904 965 mete
920 918 969 965 tela
988 915 1064 980 quid·

394 1002 466 1049 quarn
476 978 799 1047 satisprovideripotuerat.
804 983 864 1031 Post
871 981 964 1045 aliquot
972 981 1063 1032 dende

394 1051 468 1110 dies,
487 1050 549 1100 levis
559 1067 583 1100 et
596 1048 693 1097 ludicra
702 1066 739 1098 res
750 1048 803 1114 ing·
800 1049 842 1097 nti
859 1048 983 1099 certamini
1000 1067 1064 1099 cru·

391 1135 444 1169 earn
461 1116 581 1181 praebuit,
600 1130 657 1165 orto
669 1116 741 1165 initio
757 1135 768 1164 a
785 1117 878 1165 duobus
893 1116 1014 1166 veteranis
1029 1133 1063 1167 eit

394 1185 518 1236 Perdiccae
533 1181 638 1248 agmine.
653 1182 673 1233 li
690 1183 875 1233 contubernales
892 1200 945 1233 curn
961 1199 1065 1241 essent,

395 1268 488 1303 nnaoue
499 1268 545 1317 gen
558 1269 574 1299 0
588 1249 763 1307 indulsissent,
779 1264 806 1299 ut
816 1249 867 1299 lit'
860 1265 923 1301 inter
937 1265 1064 1300 sermonen

395 1318 565 1397 familiares,
559 1316 672 1377 tietantia
687 1316 788 1366 militari
805 1333 844 1366 sua
854 1316 929 1367 fortia
942 1322 1005 1367 facta
1021 1315 1065 1367 vi

393 1386 478 1463 cissim
494 1385 657 1441 extollentes,
674 1382 787 1433 altercari
801 1398 938 1447 cuperant,
957 1400 1009 1435 uter
1024 1384 1064 1432 al

397 1452 446 1504 teri
463 1467 517 1501 nent
519 1455 639 1506 ferretur,
657 1467 712 1500 cuni
728 1452 789 1500 alter
803 1467 905 1510 eorum,
923 1453 1004 1517 quid'
995 1452 1066 1502 unani

397 1522 498 1585 strepitu
517 1518 642 1570 verborum
655 1519 777 1583 sudamus
796 1519 983 1569 honestissimam
1003 1536 1066 1571 con-

398 1602 542 1638 tentionem
538 1583 575 1623 ἓ
568 1584 658 1649 inquit
668 1587 726 1636 Non
739 1604 776 1635 cur
772 1587 891 1653 lingua,
909 1588 947 1637 scd
960 1604 996 1636 tur
992 1588 1067 1636 ’·Λιιι

399 1670 440 1706 rto
450 1655 482 1703 sit
493 1655 594 1708 melior,
614 1654 656 1703 boc
672 1653 775 1720 rugitum
793 1667 816 1702 tt
831 1654 896 1703 adest
909 1655 1021 1704 occasio:
1037 1669 1066 1704 ta

398 1721 484 1788 optime
497 1722 526 1771 dt
540 1722 710 1771 controversiis
723 1720 814 1770 nostris
823 1719 952 1783 judicabit
974 1719 1067 1786 Age'
1043 1738 1068 1770 ιι

399 1790 440 1838 vir
454 1804 494 1845 er,
510 1803 533 1838 tt
552 1803 672 1837 exeuntem
686 1803 786 1862 secuere.
808 1785 872 1834 Vino
890 1799 915 1834 et
931 1759 1066 1836 ambitione

399 1851 571 1906 incaluerant·
595 1851 675 1917 itaque
694 1852 792 1916 privato
813 1850 918 1901 consilio
938 1870 1001 1903 atina
1020 1868 1069 1901 ca·

399 1919 493 1984 piune,
513 1934 539 1969 et
555 1918 585 1967 ad
603 1935 686 1969 muros
704 1923 768 1979 juxti
787 1936 866 1968 arcem
885 1935 934 1982 quae
952 1919 1072 1998 Mylassis‘

398 1988 501 2036 obversa
516 2000 570 2043 est,
590 2002 730 2036 excurrunt.
746 1989 840 2035 Horum
856 1987 994 2038 tementes
1009 1985 1067 2035 ani·

400 2055 545 2112 madverte,
563 2052 644 2103 statim
654 2070 683 2103 ex
698 2052 792 2117 oppido
805 2054 894 2118 globus
903 2052 1009 2104 hostiurn
1026 2057 1068 2103 ef-

399 2119 518 2170 funditur.
536 2120 576 2169 llli
586 2120 682 2171 firmato
698 2121 774 2185 gradu
790 2136 911 2170 certamen
920 2135 1070 2178 conserunt,

398 2186 500 2251 propius
518 2186 666 2237 incurrentes
685 2187 775 2252 gladiis
791 2186 934 2251 eripiunt,
953 2188 978 2238 in
995 2204 1067 2238 rece·

401 2255 486 2304 dentes
500 2256 548 2303 tela
564 2254 627 2313 conii
644 2254 706 2304 mne.
722 2254 767 2304 Sed
782 2256 895 2305 adversus
911 2256 1020 2315 multos,
1042 2270 1074 2307 et

399 2337 427 2371 er
443 2321 569 2385 superiore
579 2322 637 2370 loto
654 2321 797 2371 dimicantes
813 2322 875 2372 haud
892 2322 934 2371 diu
945 2321 1068 2386 impunita

400 2389 503 2438 duorum
514 2386 723 2438 audaciafuissett
742 2387 788 2437 nisi
805 2405 938 2453 conspecto
955 2390 1067 2454 ipsorum

400 2456 528 2520 periculo,
550 2455 747 2505 commilitonum
768 2456 836 2518 pusi
855 2455 955 2520 primo,
977 2456 1068 2507 deinde

398 2522 442 2572 elii
459 2539 530 2586 atque
545 2522 588 2572 alii
601 2522 768 2572 laborantibus
781 2521 950 2575 subvenissent
960 2525 1068 2575 :eodem

398 2593 494 2647 tnndo,
508 2604 533 2640 et
541 2588 670 2653 oppidanis
678 2588 781 2640 subinde
794 2591 823 2639 ad
832 2591 915 2641 locum
925 2591 966 2642 ubi
976 2607 1071 2658 pugna·

400 2658 474 2707 batur
484 2657 671 2708 confluentibus,
688 2662 723 2708 lt·
740 2672 801 2706 nunc
812 2657 866 2715 his,
881 2674 944 2708 nunt
958 2658 1011 2709 illis
1025 2675 1071 2709 ro·

401 2724 462 2774 bote
478 2741 625 2789 numeroque
644 2723 827 2787 superioribus,
843 2726 911 2776 varie
930 2740 1069 2790 pugnatum

401 2806 439 2841 est
452 2806 459 2849 ς
474 2793 554 2840 donec
571 2793 711 2842 Alexander
726 2809 779 2841 curn
794 2808 868 2841 manu·
878 2808 927 2855 quie
944 2792 1011 2844 circu
1026 2792 1071 2858 ip-

402 2875 455 2908 sum
472 2873 523 2907 etat
533 2874 692 2922 progressus,
710 2874 801 2909 metum
819 2859 928 2910 hostibus
943 2860 1071 2920 incussit,

402 2924 530 2989 statimque
547 2922 610 2975 intra
626 2925 774 2976 munimenta
791 2928 910 2990 compulsi
926 2943 983 2978 sunt
998 2947 1005 2980 ι
1021 2944 1069 2978 nec

350 2994 354 3002 ’
401 2993 506 3046 nulnum
522 2991 616 3054 abfuit,
638 2993 697 3061 quin
711 2994 795 3046 hostes
807 2993 882 3046 simul
894 2994 1072 3062 irrumperent.

994 3066 1076 3116 Fotte
