2625 4017
404 564 465 632 '470
586 548 629 628 Q.
668 546 911 610 CURTII

405 669 536 719 terrorem
558 647 744 729 elephantos,
767 667 834 728 quos
856 646 945 710 trium
968 648 1088 714 millium

406 749 545 796 numerum
562 726 673 809 explere
685 728 805 796 dicebat,
822 728 1015 792 Incredibilia
1030 733 1087 811 regi

405 812 505 880 omnia
513 809 689 870 videbantur.
700 806 905 889 IgiturPorum
915 814 932 884 (
940 808 1086 871 nam'cum

406 914 443 955 eo
454 889 537 961 erat)
550 904 751 966 percontatur,
766 907 803 954 an
814 906 882 946 uera
893 907 1015 957 essent,
1029 910 1084 969 qun

406 967 586 1032 dicerentur?
608 968 661 1036 Ille
672 965 746 1027 uires
760 963 869 1044 quidem
881 968 987 1045 gentis
1004 986 1033 1028 et
1044 989 1084 1027 re.-

349 1081 352 1086 ·
403 1051 456 1133 gni
468 1044 731 1124 haudfalsop'attari
742 1043 883 1116 affirmat3
904 1065 1030 1107 ceterum
1041 1046 1083 1125 qui

406 1144 560 1218 regnaret,
581 1146 635 1185 non
653 1121 732 1183 nodo
747 1122 901 1203 ignobilem
925 1146 1013 1196 esse,
1037 1123 1083 1185 sed

406 1228 491 1270 ettam
514 1203 619 1264 ultimae
639 1202 724 1262 sortis
742 1229 752 1263 .-
772 1202 869 1283 puippe
888 1221 1004 1283 patrem
1028 1205 1083 1283 ejus

406 1305 541 1349 tonsorem
560 1283 610 1344 uix
631 1282 728 1342 diurno
749 1300 854 1360 puaestu
892 1282 1083 1363 topulsanten

397 1366 527 1452 famem,
547 1382 655 1443 propter
670 1359 792 1449 ¹habitunt
806 1302 1082 1429 tulinaecorun,

406 1443 484 1507 surdi
497 1441 594 1531 fuisse
615 1460 730 1519 regina.
752 1438 796 1514 Ab
818 1460 851 1499 ea
874 1440 906 1529 in
919 1440 1082 1531 ‘propiorem

406 1525 487 1604 ejus,
507 1540 553 1600 qui
573 1538 630 1579 tum
651 1535 817 1598 regnasset,
838 1520 977 1581 amicitia
996 1518 1082 1581 locun

405 1603 542 1665 admotum
556 1619 569 1670 ;
591 1597 734 1679 interfecto
748 1616 781 1658 tu
794 1617 845 1677 ptr
859 1598 1014 1670 insidias,
1035 1596 1081 1659 sul

405 1682 498 1765 specie
508 1676 599 1739 tutela
608 1674 723 1750 libarint
734 1678 792 1755 ep'us
800 1675 945 1751 inuasisse
953 1695 1082 1759 regnum·

406 1761 565 1837 necatisque
581 1754 781 1837 puerisliuns,
803 1754 848 1834 qui
867 1777 943 1817 nunc
960 1774 1081 1837 regnat,

401 1858 556 1923 generasse
568 1879 579 1906 ,
595 1835 714 1895 inuisum
726 1832 859 1913 vilemque
874 1835 1081 1916 popularibus,

406 1919 497 1999 magis
509 1934 635 1995 paterna
642 1912 790 1989 fortuna,
811 1932 964 1989 quamsuae
981 1934 1084 1976 memo·

397 2019 472 2061 ¹rem.
495 1992 655 2067 Affirmatio
675 1994 742 2053 Pori
764 1993 958 2072 multiplicem
981 1996 1081 2054 animo

405 2080 478 2159 regis
493 2074 629 2153 injecerat
645 2079 753 2133 cum'm.
772 2071 895 2150 Hostem
910 2075 1082 2151 belluasque

403 2159 551 2238 spernebat
566 2177 574 2214 t
592 2156 676 2214 situm
690 2154 845 2221 locorum,
861 2170 891 2213 et
902 2153 966 2214 vim
981 2153 1080 2214 flumi-

405 2262 477 2301 num
495 2235 721 2305 extimescebas
742 2232 881 2311 relegatos
893 2232 924 2291 in
942 2233 1081 2294 ultimum

405 2339 478 2399 pene
498 2336 592 2375 rerum
614 2312 803 2385 humanatum
824 2311 955 2389 persequi
976 2312 1080 2373 termi-

404 2420 475 2460 num
487 2436 497 2464 ‚
515 2412 546 2452 et
557 2410 655 2453 eruere
665 2390 783 2450 arduum
795 2390 954 2455 videbatur.
972 2393 1081 2455 Russus

405 2475 523 2540 avaritia
537 2472 637 2553 glotiae
652 2488 682 2530 et
699 2468 862 2529 insatiabilis
869 2471 979 2547 cupido
996 2474 1081 2532 lama

405 2556 478 2620 nihil
493 2554 625 2620 invium,
642 2550 715 2612 nihil
728 2566 874 2610 semotum
890 2550 983 2613 videri
1000 2552 1081 2612 sinen¹

404 2642 464 2699 bat.
475 2635 512 2695 Et
521 2630 662 2692 interdum
672 2627 836 2702 dubitabat3
853 2650 890 2695 an
902 2628 1084 2695 Macedones

404 2735 446 2779 tot
459 2711 564 2785 emensi
586 2708 678 2790 spatia
696 2725 852 2777 terrarum,
875 2706 907 2767 in
925 2709 992 2770 asie
1006 2729 1034 2771 et
1053 2712 1084 2780 in

402 2794 507 2858 castris
528 2810 609 2850 senes
622 2786 719 2865 fatti,
738 2806 788 2867 pet
810 2785 916 2847 ob'ttta
927 2789 1084 2870 flumina,

402 2896 453 2957 pet
467 2891 508 2934 tot
522 2887 626 2929 natura
643 2866 782 2927 obstantes
795 2809 979 2944 difficultates
997 2891 1085 2931 stau·

400 2953 458 3031 pari
471 2951 588 3023 estut?
603 2945 774 3017 abundantes
786 2949 1087 3032 transsumptam,
