2625 4017
455 376 646 442 LIBER
693 378 756 445 Χ.·
869 385 932 457 '525

256 477 329 543 dotti
340 495 354 553 ,·
367 477 557 561 proximisque
572 480 721 541 unitorum
730 477 877 559 auctorfiti
894 502 935 543 ee

257 558 380 641 captivis
402 558 557 639 generandi
580 557 707 620 liberos:
726 575 756 620 ut
776 558 826 622 doc
849 580 934 622 sucro

248 638 361 717 faedere
371 658 448 698 omne
461 636 613 699 discrimen
623 638 693 699 uicti
708 656 735 699 et
746 638 862 701 uictoris
878 660 944 701 ex·.

198 776 200 780 .
258 716 408 781 cluderem.
427 714 551 777 Proinde
566 717 680 797 genitos
697 738 760 778 esse
775 739 824 779 uos
839 716 932 789 milti,

255 817 315 859 non
330 796 456 857 adscitos
474 795 577 856 milites
593 795 711 856 credite.
728 796 810 857 Asiae
827 814 854 856 et
870 794 932 858 Eur

255 895 331 956 ropae
347 895 429 934 unum
444 893 524 954 utque
540 872 614 935 idem
630 895 745 955 regnum
763 895 816 938 est.
826 876 932 936 Muct-

256 954 359 1016 donum
375 953 454 1015 uobis
471 974 549 1014 arma
568 952 614 1015 do.
629 952 786 1015 inveteravi
803 955 934 1044 peregri·

256 1054 323 1095 nunt
333 1032 502 1104 novitatem
513 1050 539 1093 et
549 1032 626 1093 ciues
634 1033 688 1093 mei
698 1033 767 1093 estis
778 1051 804 1092 et
815 1032 934 1103 milites,

257 1111 353 1174 omniu
363 1110 485 1172 eumdem
497 1110 601 1171 ducunt
612 1111 742 1174 colorem.
756 1109 934 1173 NecPersir

256 1190 446 1252 Macedonum
457 1210 556 1251 rnorem
571 1189 750 1261 adumbrare,
766 1211 816 1251 nec
829 1188 935 1252 Mace-

258 1269 378 1331 donibus
386 1267 492 1330 Persas
501 1270 605 1330 imitari
614 1269 772 1330 indecorum
781 1287 834 1330 est.
844 1266 934 1349 Ejus-

257 1349 322 1439 dem
332 1348 407 1440 juris
420 1368 483 1409 esse
495 1347 615 1420 debent,
631 1348 678 1431 qui
688 1348 739 1409 tub
757 1348 850 1412 eodem
867 1370 936 1432 rege

254 1446 358 1492 recture
379 1445 456 1491 sunt.

290 1574 345 1624 Hac
362 1572 476 1625 oratioue
490 1572 588 1631 habitu,
603 1571 685 1623 Persis
699 1571 812 1637 corporis
828 1571 864 1623 sui
881 1583 938 1624 tuti

253 1640 354 1694 rodiam
368 1641 492 1700 credidit,
507 1643 592 1692 Petras
607 1640 744 1698 satellites,
762 1641 847 1691 Persae
861 1657 939 1705 appu·

255 1709 349 1761 ritores
358 1708 427 1761 fecit.
444 1710 491 1759 Per
501 1725 628 1775 quoscum
638 1710 807 1768 Macedones,
824 1707 865 1774 qui
876 1706 934 1759 huie

257 1774 380 1827 reditioni
390 1775 546 1827 occasionem
560 1775 698 1836 dedissent,
714 1775 791 1828 vincti
801 1777 832 1827 ad
842 1774 939 1840 suppli·

256 1842 299 1895 cia
309 1843 481 1906 traherentur,
498 1860 571 1894 unum
582 1861 611 1893 ex
625 1842 655 1893 iis
665 1843 814 1906 auctoritate
823 1858 850 1895 et
863 1853 938 1895 etate

253 1927 374 1981 gravem,
388 1912 419 1963 ad
427 1914 522 1979 Regem
535 1910 570 1962 ita
579 1912 692 1962 locutum
702 1914 795 1963 feruut.
915 1919 918 1927 '

297 2058 375 2120 Cer.
392 2059 447 2122 tv.
461 2053 631 2198 quousque,
650 2056 761 2136 inquit,
781 2055 872 2117 onimo
886 2073 938 2117 tuo

255 2136 345 2201 etiam
352 2159 402 2219 per
409 2159 476 2219 supp
489 2137 546 2198 icit
554 2179 566 2206 ,
575 2156 602 2197 et
612 2136 720 2217 quidem
730 2135 838 2197 externi
850 2134 936 2196 moris

254 2215 612 2296 obsequerisdmilitestui‚
630 2214 775 2284 ciuestui,
791 2213 938 2294 incognite

255 2317 364 2366 causo,
387 2296 506 2377 captivis
525 2294 588 2355 suis
608 2292 771 2354 ducentibus
791 2292 939 2354 trahuntur

201 2403 208 2410 ·
256 2374 297 2437 ud
310 2396 420 2456 punam
436 2383 450 2435 !
468 2374 494 2435 si
511 2392 624 2435 mortem
641 2371 774 2434 meruisse
793 2370 936 2453 judicas3

256 2452 359 2516 saitem
370 2453 513 2515 ministros
525 2451 654 2534 supplicii
664 2471 751 2515 muta.
759 2452 865 2513 Amico
874 2448 940 2512 ani·
988 2463 990 2468 ’
1011 2462 1014 2470 ’

255 2556 328 2603 mo,
348 2535 369 2595 si
381 2535 441 2596 veri
453 2535 564 2611 patiens
575 2532 692 2602 fuisset,
708 2531 934 2602 admonebatu13

254 2613 308 2675 sed
326 2614 354 2672 in
365 2614 473 2674 rabiem
484 2615 524 2673 ira
537 2627 716 2692 pervenerat.
729 2611 826 2688 Itaque
841 2631 936 2669 rursm

257 2698 274 2768 (
287 2713 354 2752 nam
370 2714 541 2771 parumper,
559 2691 657 2769 quibus
668 2691 837 2767 imperatum
851 2704 933 2757 erat,

255 2772 475 2844 dubitaverant)
487 2772 573 2850 mergi
584 2769 614 2829 in
624 2789 748 2839 amnem,
759 2768 833 2829 sicut
843 2765 935 2828 uincti

250 2870 337 2923 ¹erunt
347 2894 360 2928 ,
379 2852 469 2932 jussit.
484 2852 548 2916 Nec
559 2849 617 2915 hoc
628 2849 743 2930 quidem
761 2846 933 2931 supplicium
