2625 4017
376 508 783 583 ltuenvtt.
889 525 956 604 '3773

277 614 316 681 ita
329 616 385 679 icta
402 635 444 678 est
459 660 469 688 ,
483 620 620 680 utoculis
621 620 761 710 caligine
780 616 868 679 offitsa
886 620 952 680 col-

276 700 447 767 laberetur,
473 720 510 759 ne
539 698 642 759 mentis
673 700 788 777 quidem
800 718 958 792 compos.-

277 779 426 867 Exercitus
443 798 518 839 certe
535 780 614 841 velut
628 795 727 857 erepto
745 799 781 839 eo
798 777 953 859 ingemuit.

277 857 353 918 Sed
345 857 466 918 inuictus
478 859 608 918 adversus
622 878 655 918 ea
669 898 678 927 ,
698 880 758 935 quae
769 875 879 918 ceteros
895 877 954 920 tet·

277 956 367 1004 rent,
373 936 515 998 nondum
528 955 677 1015 percurato
697 938 836 1005 vulnere,
858 937 952 999 acrius

279 1016 438 1076 obsidioni'
429 1017 546 1086 institit,
557 1020 715 1078 naturalem
724 1017 900 1078 celeritatem
908 1016 957 1108 ita

278 1096 452 1157 concitante.
463 1097 607 1158 Cuniculo
602 1116 690 1187 ergo
707 1096 829 1156 subfossa
843 1095 953 1158 moenia

279 1175 379 1266 ingens
387 1175 529 1237 nudavere
540 1177 660 1253 spatium
671 1215 680 1244 ‚
693 1175 841 1266 perquod
834 1176 951 1252 irrupit,

279 1255 428 1331 victorque
445 1259 542 1315 urbem
557 1256 654 1314 dirui
647 1257 735 1333 jussit.
750 1254 829 1316 Hinc
845 1255 963 1320 Mene-⁸
1014 1280 1016 1284 ⁷

280 1335 396 1394 demum
412 1355 478 1394 cum
492 1354 532 1394 111
547 1334 671 1394 millibus
686 1334 811 1411 pediturn
828 1351 857 1394 et
871 1333 953 1396 occc'

281 1412 420 1490 equitibus
434 1413 467 1474 ad
479 1416 579 1474 urbem
596 1415 767 1475 Maracanda
784 1414 870 1473 misit.
886 1413 955 1491 spi·

281 1509 407 1553 tamenes
434 1492 577 1573 transfuga
603 1494 731 1570 prasidio
757 1492 955 1554 Macedonum

282 1572 347 1633 inde
366 1571 497 1664 dejecto,
522 1573 611 1633 muris
629 1574 704 1633 urbis
724 1572 783 1646 eius
799 1574 953 1633 incluserat

281 1673 336 1714 se:
328 1651 447 1711 ·haud
449 1653 596 1729 oppidanis
615 1651 767 1729 consilium
785 1651 954 1714 defectionis

281 1734 510 1822 approbantibus.
535 1730 638 1810 Sequi
641 1751 738 1792 tamen
758 1731 952 1798 videbantur,

282 1811 346 1889 quia
359 1810 508 1887 prohibere
519 1832 578 1872 non
590 1828 731 1889 poterant.
746 1810 862 1872 Interim
877 1811 953 1870 Ate

281 1890 388 1951 xander
403 1890 437 1950 ad
449 1892 564 1952 Tanain
580 1913 696 1953 amnem
711 1889 799 1981 redit,
819 1908 847 1952 ct
859 1909 953 1966 quan·

282 1989 343 2032 turn
362 1971 417 2030 soli
433 1991 644 2049 occupaverant·
658 1971 772 2040 castris,
791 1991 875 2030 tnuro
892 1969 954 2030 tit·

281 2051 435 2111 cumdedit.
452 2072 494 2111 ιιι
507 2053 664 2112 stadiorum
675 2050 752 2112 urbia
765 2071 861 2109 murus
876 2049 952 2117 fuit,

281 2127 356 2188 hanc¹
370 2149 483 2205 quoque·
494 2132 600 2204 urbem
605 2127 805 2190 Alexandriam
818 2126 955 2205 appellati

282 2210 372 2287 jussit.
384 2208 474 2283 Opus
478 2227 556 2269 tanta
566 2210 712 2269 celeritate
723 2196 878 2297 perfectum
890 2222 931 2266 est
942 2243 955 2275 ‚

282 2305 315 2349 ιιι
335 2287 600 2367 decimoseptimo
595 2287 691 2357 die,
701 2309 756 2364 qua
775 2286 957 2348 munimenta

282 2369 405 2429 excitata
424 2387 522 2437 erant,
543 2384 618 2428 tecta
634 2387 747 2445 quoque
764 2366 839 2427 urbis
855 2364 957 2424 'absol-r

281 2466 424 2508 verentur.
450 2449 551 2528 lngens
569 2445 694 2507 militurn
715 2463 858 2505 certamen
879 2443 958 2505 intet

282 2526 357 2604 ipsos
369 2529 476 2595 fuerat,
488 2531 518 2588 tlt
530 2549 612 2619 suurn
622 2525 739 2604 quisque
743 2544 850 2584 ‚munus
862 2526 877 2596 (
885 2528 958 2584 nant

282 2606 404 2668 divrsttm
425 2609 527 2677 erat)
534 2608 646 2698 prunus
660 2604 829 2665 ostenderet.
842 2602 957 2700 incola

281 2707 364 2748 novn
374 2687 436 2748 urbi
443 2688 511 2747 dati
516 2686 639 2765 captivi,
643 2682 851 2762 -ᾳιιοιιθάἀὶισ
861 2679 958 2759 pretio
1044 2763 1047 2767 .

282 2766 407 2828 dominis
427 2767 583 2836 liberavit,
609 2786 732 2858 quorum
752 2763 856 2841 posteri
877 2778 959 2822 nune
1010 2771 1016 2778 “

282 2851 396 2924 quoque
411 2846 548 2907 nondum
546 2847 626 2923 apud
642 2850 762 2906 eostam
773 2844 860 2921 longa
871 2845 962 2920 attatei

281 2944 397 3008 propter
405 2921 743 2993 memonautAlexandu
753 2922 960 2986 exoleverunt

789 3020 837 3085 Ii
