2625 4017
479 556 675 622 LIBER
713 556 837 621 VIII.
935 579 990 638 39⁹

321 689 1000 803 emeserrowaeara

313 931 316 936 .
382 872 583 941 LIBER
628 870 942 942 OCTAVUS.

515 1033 735 1097 CAPUT
780 1032 807 1095 1.

424 1230 628 1277 rrxauora
651 1211 763 1292 majore
784 1211 886 1283 fama,
912 1232 999 1292 quam

423 1295 517 1378 gloria
539 1295 568 1353 in
590 1292 731 1354 ditionem
754 1292 865 1354 redacta
888 1311 1000 1371 petra;

316 1397 393 1436 'cum
422 1393 537 1455 propter
566 1393 673 1452 uagsam
700 1371 812 1431 hostem
839 1376 1000 1455 spargendae

326 1476 427 1515 manus
444 1470 557 1523 essent,
579 1454 610 1512 in
626 1469 682 1511 tres
698 1470 789 1529 partes
807 1450 902 1514 divisit
915 1473 1001 1515 exer-

326 1536 426 1595 citum.
449 1531 683 1611 Hephaestionem
694 1531 744 1591 uni
759 1553 769 1604 3
789 1531 904 1592 Coenon
918 1532 1002 1595 alteri

326 1614 411 1674 duces
421 1614 533 1674 dederat
544 1635 553 1672 ε
565 1614 623 1690 ipse
633 1611 731 1670 ceteris
742 1630 868 1687 praeerat.
877 1612 931 1672 Sed
939 1634 1001 1674 nors

327 1693 427 1754 eadem
445 1714 525 1753 mens
543 1692 675 1750 omnibus
686 1690 810 1749 barbaris
827 1692 890 1751 fuit.
903 1691 1001 1755 Armis

327 1773 442 1851 quidam
455 1771 561 1833 subacti
573 1793 583 1843 3
602 1772 695 1848 plures
710 1786 775 1829 ante
785 1789 931 1832 certamen
945 1771 1003 1832 irn-

326 1872 422 1931 perata
441 1853 591 1919 fecerunt,
614 1850 714 1927 quibus
732 1869 822 1909 eorum
841 1849 886 1930 qui
906 1850 936 1909 irs
953 1850 1004 1912 de·

320 1931 448 2010 sectione
472 1947 736 2011 perseveraverant,
759 1927 839 1989 urbes
869 1950 1004 2010 agrosque

329 2013 409 2093 jussit
429 2008 555 2074 attribui.
586 2010 626 2070 At
647 2010 746 2069 exules
768 2010 910 2070 Bactriani
933 2031 1001 2073 cuns

327 2112 428 2156 uccc
451 2091 590 2168 equitibus
611 2090 833 2169 Massagetarum
853 2090 1002 2167 proximos

323 2171 411 2232 ¹vicos
420 2186 611 2232 vastaverunt.
626 2168 672 2227 Ad
683 2189 754 2245 quos
766 2171 938 2229 coercendos
948 2169 1004 2230 At·
1103 2195 1106 2202 ·

330 2252 422 2319 tinas,
436 2248 559 2328 regionis
571 2247 631 2326 ejus
640 2247 785 2324 praefectus
793 2286 803 2315 ,
812 2268 866 2307 ccc
878 2249 1002 2325 equites,

329 2326 1001 2407 insidiarum,quaeparabantur,ignarus,edu·

329 2410 384 2471 xit.
406 2410 539 2484 Namque
558 2404 646 2466 hostis
665 2405 695 2464 in
716 2405 815 2474 silvis,
840 2427 900 2483 quae
921 2424 1003 2469 erant

330 2490 405 2549 forte
428 2507 532 2563 campo
556 2486 684 2563 junctae,
714 2503 855 2544 armatum
878 2486 1002 2549 militem

325 2569 476 2636 sordiditt
492 2565 586 2643 paucis
596 2563 818 2641 propellentibus
827 2584 931 2641 pecora
944 2605 954 2636 ,
969 2580 1004 2628 ut

326 2646 524 2725 improvidum
542 2644 577 2718 ad
594 2642 706 2706 insidias
722 2644 812 2721 praeda
827 2644 1003 2720 perduceret.

313 2752 317 2760 ·
332 2727 431 2803 ltaque
443 2724 636 2802 incomposito
646 2721 779 2806 agmine,
791 2723 945 2801 solutisque
955 2745 1004 2785 or-

326 2807 465 2875 ·dinibus,
483 2806 596 2866 Attinas
608 2804 807 2882 praedabundus
817 2807 1004 2881 sequebaturg

326 2901 418 2964 ‘quem
445 2891 668 2965 praetergressum
695 2883 800 2944 silvam
810 2923 822 2953 ‚
847 2883 896 2961 qui
915 2884 946 2948 in
967 2905 1004 2948 ea

332 2966 540 3040 consederant,
565 2982 601 3030 ex
624 2962 782 3048 iroproriso
800 2962 914 3034 adorti,
934 2985 1003 3034 cusu
