2625 4017
482 511 821 590 trasnvtt.
892 469 983 600 n„3

315 610 395 694 piens
413 615 570 676 ostendere.
590 614 725 693 Namque
742 616 814 676 adeo
831 633 910 677 certo
928 619 988 682 ictu

316 696 452 755 destinata
466 694 603 764 feriebat,
619 713 650 754 ut
664 715 729 760 aves
740 716 853 773 quoque
870 698 989 776 excipe·

317 793 373 834 rer.
384 775 462 833 Nam
472 776 522 834 etsi
532 775 648 839 forsitan
656 775 804 856 sagittandi
814 793 873 835 tam
883 780 989 847 celebri

316 876 369 922 usu
380 854 473 913 minus
482 854 653 915 admirabilis
665 854 753 916 videri
762 852 821 920 haec
830 876 873 922 ars
883 858 990 934 possitg

317 952 416 997 tamen
433 933 531 1015 ingens
546 934 698 997 visentibus
715 934 907 1006 miraculum,
926 958 991 997 ma-

317 1031 434 1092 gnoque
451 1010 555 1074 honori
573 1013 676 1073 Cateni
692 1014 756 1080 fuit.
779 1014 867 1073 Dona
889 1015 991 1079 deinde

319 1095 476 1162 omnibus,
500 1094 548 1171 qui
568 1096 684 1154 Bessum
706 1092 901 1163 adduxerant,
925 1095 991 1159 data

318 1191 394 1233 sunt.
407 1172 543 1234 Ceterum
561 1171 730 1250 supplicium
741 1171 800 1249 ejus
809 1172 937 1243 distulit,
960 1191 991 1237 ut

319 1270 351 1309 eo
371 1250 452 1321 Ioco,
479 1252 509 1312 in
531 1273 581 1331 quo
600 1248 723 1317 Darium
745 1249 804 1330 ipse
823 1250 993 1328 occiderat,

317 1348 471 1396 necaretur.

323 1451 328 1458 ·
358 1408 449 1472 Can.
461 1410 522 1472 Vl.
534 1409 644 1470 Interea
657 1406 832 1468 Macedones
843 1409 877 1469 ad
886 1428 991 1489 peten-

318 1487 386 1548 dum
396 1487 733 1566 pabulumincomposito
742 1488 856 1568 agmine
867 1492 988 1573 egressi,

318 1589 335 1628 a
353 1570 496 1639 barbaris,
519 1566 567 1645 qui
585 1568 619 1626 de
631 1567 925 1647 proximismontibus
939 1573 990 1633 de«

317 1665 483 1716 currerunt,
506 1646 725 1725 opprimuntur3
747 1645 894 1725 pluresque
912 1650 989 1727 capti

317 1744 404 1796 sunt,
422 1748 508 1805 quam
521 1726 617 1786 occisi.
630 1725 743 1784 Barbari
754 1741 849 1785 autem
861 1729 989 1805 captivos

318 1826 375 1883 prae
384 1828 413 1867 se
424 1825 559 1887 agentes,
574 1825 664 1871 rursus
677 1804 706 1862 in
718 1820 849 1864 montem
863 1825 990 1869 recesse-

317 1902 394 1947 runt.
406 1906 448 1945 xx
460 1886 550 1945 millia
560 1886 703 1946 latronum
715 1901 806 1947 erant.
825 1882 929 1946 Fundis
941 1908 991 1956 sau

316 1963 449 2045 gittisque
459 1986 582 2045 pugnam
593 1963 740 2024 invadunt.
759 1963 844 2041 Quos
854 1963 922 2026 dum
934 1969 990 2027 ob·

317 2043 388 2105 sidet
415 2064 494 2112 rex,
521 2045 594 2104 inter
616 2042 823 2121 promtissimos
850 2043 989 2112 dimicans

316 2124 418 2202 sagitta
435 2124 506 2183 ictus
523 2141 584 2191 est,
606 2144 667 2200 quae
682 2121 712 2179 in
728 2122 824 2189 medio
837 2142 917 2184 crure
929 2125 989 2197 fixa

316 2204 468 2280 reliquerat
486 2203 636 2280 spiculum.
657 2199 745 2259 Illum
763 2201 876 2277 quidem
893 2206 989 2275 moesti

317 2301 348 2343 et
358 2283 470 2344 attoniti
482 2280 654 2340 Macedones
667 2279 697 2337 in
708 2294 797 2338 castra
809 2279 966 2344 referebant
978 2308 989 2348 t
1062 2315 1066 2322 ·

316 2363 365 2423 sed
383 2383 437 2422 nec
448 2363 580 2420 barbaros
591 2358 693 2417 fefellit
710 2357 858 2418 subductus
869 2379 905 2419 ex
924 2363 989 2424 acio

316 2462 389 2514 rexi
411 2440 514 2517 quippe
531 2460 567 2498 ex
581 2438 658 2497 edito
669 2453 769 2502 monte
786 2452 887 2497 cuncta
905 2459 990 2517 prosa

316 2536 465 2599 pexerant.
476 2520 572 2595 Itaque
583 2534 699 2593 postero
710 2514 755 2574 die
765 2511 866 2576 misire
877 2517 989 2598 legatos

316 2600 352 2660 ad
363 2617 476 2679 regem,
488 2617 559 2675 quos
570 2596 620 2656 ille
629 2593 757 2674 protinus
766 2593 845 2669 jussit
854 2592 965 2664 admitti
972 2619 988 2675 ς

315 2681 470 2754 solutisque
495 2676 587 2739 fasciis
612 2672 837 2754 magnitudinem
861 2677 989 2750 vulneris

316 2758 517 2825 dissimulans,
540 2776 603 2819 crus
629 2753 752 2813 barbaris
777 2753 910 2817 ostendit.
938 2758 987 2826 Illi

316 2839 382 2917 jussi
401 2834 544 2896 considere
561 2832 703 2894 affirmant
719 2851 772 2891 nan
790 2829 989 2909 Macedonas,
1054 2890 1061 2903 ,

314 2937 396 3015 quan
409 2913 586 3001 instatura
599 2910 737 2992 nistiores
751 2910 861 3003 cognito
876 2910 989 2999 tulnae
