2625 4017
326 550 451 611 ineu.
486 549 755 603 cunrruurt.
787 557 810 610 ι.
882 574 912 618 ‚7

196 633 210 692 l
241 653 334 701 mmque
350 636 486 687 civitamm
504 636 581 701 legati
600 640 742 702 frequenter
760 641 790 692 lt·
792 659 835 708 gas
852 659 915 692 ron·

196 711 197 732 ³
243 720 360 755 uenerant.
382 706 412 754 ld
430 702 550 781 oppidum
568 705 680 769 elegerat
696 660 841 773 Philippus,
863 725 916 762 non

243 772 285 821 eine
295 774 405 837 quodam
423 771 508 823 omine
522 787 607 822 eorum
620 788 672 836 que
682 790 771 838 postea
783 775 914 828 accidere·

240 839 334 890 mmihi
346 841 518 891 Macedonum
531 854 600 905 reges
612 841 712 901 sepeliri
727 859 781 892 mor
790 859 853 895 erat.
866 848 914 894 Fe·

241 924 289 956 runt
303 907 381 957 etiam
397 905 547 970 Apollinem
562 906 714 969 Delphicum
726 910 839 959 debello
856 912 913 961 Per·

196 971 197 982 ¹
240 990 285 1024 uro
294 974 440 1024 consulenti
453 988 575 1023 maturum
589 973 714 1027 interitum
725 976 851 1027 cecinisse.
864 979 913 1028 Sed

196 1085 197 1098 ,
241 1042 394 1107 ambiguum,
409 1057 440 1092 ut
450 1058 505 1090 mos
519 1041 645 1100 oraculis,
661 1058 801 1121 responsum
814 1044 913 1108 Philip-

196 1105 200 1170 ’,
241 1127 278 1173 pus
286 1112 314 1159 ad
325 1110 490 1159 barbarorum
499 1107 602 1158 exitium
611 1076 715 1160 blinda
708 1111 914 1175 interpretatione

242 1192 347 1229 traxerat.
360 1176 427 1227 Alia
443 1192 541 1240 quoque
555 1176 686 1241 presagia,
703 1195 754 1243 quae
771 1193 824 1227 tum
840 1194 913 1227 nemo

244 1245 465 1301 animadverterat,
484 1258 586 1293 eventus
601 1246 757 1296 monstravit.
774 1244 915 1295 Eratinrer

243 1314 349 1362 custodes
360 1312 427 1378 regii
420 1310 691 1373 'corporirPauuniar
704 1312 822 1377 quidam,
842 1326 915 1375 quem

243 1377 266 1427 in
278 1379 396 1429 solatium
418 1392 525 1439 accepte
544 1379 574 1427 ab
593 1379 707 1429 Attalo
700 1379 809 1440 miuriae,
827 1393 871 1428 rex
888 1378 915 1431 in

244 1461 289 1496 enm
302 1444 440 1513 dignitatis
453 1446 556 1511 gradum
570 1462 728 1508 provexerat.
740 1446 840 1511 Quippe
853 1447 915 1521 Pau·

196 1509 197 1550 ἶ
244 1514 323 1564 renum
340 1514 450 1565 Attalue
464 1529 535 1562 mero
552 1529 664 1565 omrstum
679 1515 780 1564 nefariis
794 1512 914 1564 convive·

196 1731 199 1802 l

243 1598 287 1632 mm
303 1581 425 1632 ludibriis
443 1595 598 1643 exposuerat.
622 1582 701 1643 Hujus
718 1581 839 1631 ultionem
856 1597 913 1634 cum

246 1665 323 1714 arege
340 1663 459 1713 peteret,
479 1650 600 1698 honorem
618 1649 724 1715 accepit.
744 1648 841 1700 Etenim
855 1648 915 1698 Phi»

246 1714 317 1781 lippus
331 1715 419 1766 virum
435 1731 551 1778 spectate
565 1714 590 1763 in
606 1716 675 1765 bello
691 1714 863 1772 fortitudinis,
882 1715 914 1768 ad

247 1783 373 1847 hornuper
382 1782 650 1848 propinquaeffinitate
659 1786 817 1847 conjunctum
826 1783 915 1847 punire

247 1852 298 1901 adeo
309 1867 367 1901 non
383 1850 520 1909 sustinuit3
543 1865 572 1900 ut
587 1851 685 1915 insuper
703 1851 831 1928 copiarum
848 1849 913 1914 parti

248 1924 380 1981 prefectum
394 1935 453 1968 eum
466 1917 626 1969 Parmenione
639 1935 666 1971 et
674 1917 819 1999 Amyntam
828 1918 914 1972 Asiam

249 1986 426 2047 promitteret,
445 2002 520 2049 opera
543 1987 594 2047 ejus
611 2004 696 2039 usurus
711 1987 738 2037 in
755 1986 914 2052 expeditione

250 2054 347 2104 Persica.
358 2053 505 2103 Pausaniam
519 2068 598 2104 autem
609 2070 740 2118 rogatum,
753 2072 783 2108 ur·
796 2057 841 2125 ipsi
855 2071 914 2107 rem·

247 2122 380 2198 porihusqne
398 2121 536 2198 reipublice
548 2124 652 2174 dolorem
666 2141 735 2175 sunm
750 2127 913 2182 condonaret,

251 2189 358 2238 comitate
368 2187 474 2252 alloquii
484 2203 509 2237 et
520 2188 663 2239 honestiore
673 2189 797 2254 tripendio
816 2191 914 2268 ρΙιιιιιε

251 2270 344 2306 conatus
355 2270 404 2304 est
414 2257 460 2305 Sed
470 2256 614 2307 adolescens
621 2256 914 2317 maiorem-conmmeliae,

252 2338 312 2384 quam
333 2321 451 2372 beneficii
470 2321 590 2373 rationem
605 2324 713 2376 habuitr
702 2324 864 2405 odiumque
885 2325 915 2375 ab

252 2406 287 2437 ru:
289 2407 343 2439 tore
351 2389 447 2466 iniuriae
456 2389 480 2438 in
489 2391 717 2465 negligentemque
725 2393 847 2444 vindicem
858 2408 917 2442 con·

252 2457 328 2508 venit.
346 2456 444 2507 Cum''
428 2474 459 2507 ιιι
474 2473 566 2515 ιιιιιιι,
581 2475 640 2523 quor
654 2458 764 2510 infensor
774 2459 855 2513 Attali
872 2461 917 2510 do-

254 2523 314 2584 mui,
328 2541 374 2574 nec
385 2524 503 2588 Philippo
515 2526 651 2575 concordet
662 2544 713 2577 erre
723 2543 840 2585 nouerat,
856 2542 916 2578 con·

254 2589 300 2638 eilia
308 2591 504 2641 communicasse
513 2608 562 2641 non
569 2610 657 2657 preter
665 2595 785 2645 rationem
795 2594 918 2648 creditum

256 2673 300 2706 ert·
318 2675 449 2723 postquam
463 2662 494 2710 ab
506 2659 656 2738 Olympiade
665 2662 815 2727 parricidoe'
809 2678 834 2711 ιιι
844 2677 919 2713 cruce

254 2725 364 2784 pendenti
379 2743 497 2777 coronam
515 2745 612 2778 auream
627 2727 769 2795 impositam
783 2746 857 2780 nemo
872 2730 919 2780 du

258 2789 362 2852 hiavit,
381 2793 478 2870 iliaque
495 2796 627 2846 facinora
622 2813 767 2861 perpetrata
782 2812 865 2855 eunt,
887 2812 918 2848 ex

258 2858 599 2920 quibustotiusecelerisordo
610 2881 701 2930 eamq
703 2882 733 2916 ue
740 2866 804 2915 hand
813 2866 919 2914 obscure

260 2928 344 2989 perspic
347 2944 453 2979 e.rentur
473 2931 556 2981 Dubia
575 2932 654 2980 adhue
670 2933 726 2983 luce
738 2929 887 2984 theatrum
880 2945 920 2980 tn
975 2975 981 2982 .

260 3008 310 3053 geue
323 2996 447 3052 homiuum
458 2998 594 3062 multitudo
598 2999 766 3079 impleretur,
779 3012 919 3076 spectatura
