2625 4017
381 565 442 638 an
565 555 898 637 acuarit
973 626 977 633 ,

383 678 479 743 ageret
498 678 511 732 ‚·
533 675 561 719 et
580 677 627 738 ptr
651 678 682 717 se
701 655 876 736 potissimum
891 656 1072 740 profitemur

384 739 531 803 indicium.
550 735 585 797 ln
597 756 657 797 earn
676 736 765 816 ipsam
782 756 911 808 noctem,
933 760 994 819 qua
1013 742 1067 803 de-

384 818 493 881 cederet
506 859 517 887 ,
541 815 665 877 insidias
686 834 857 899 compararat
861 816 961 893 fuisse
973 846 983 878 .·
996 838 1069 881 auc*

383 895 593 961 tores-scelesti
615 895 732 958 consilii
751 916 837 965 esse,
862 918 929 976 quos
950 900 1067 962 minime

384 978 510 1042 credens
529 998 591 1037 rex.
614 973 693 1062 Tum
717 974 870 1053 Epimenes
892 998 995 1039 cuncta
1015 1002 1067 1040 or·
1106 1026 1107 1029 η

384 1060 482 1127 cline,
512 1055 749 1131 consciorumque
778 1056 898 1116 nomina
930 1062 1066 1137 exponit.

385 1136 581 1212 Callisthenen
602 1155 662 1193 non
684 1153 714 1194 ut
736 1137 1071 1215 participem-facinoris·

383 1220 566 1279 nominatum
591 1234 650 1274 esse
675 1218 851 1286 constabat3
875 1216 922 1275 sed
947 1218 1065 1279 solitum

380 1316 526 1377 puerorum
542 1290 716 1353 sermonibus
734 1294 946 1373 vituperantium
963 1298 1064 1358 trimi-

384 1376 560 1452 nuntiumque
584 1392 675 1451 regern
693 1369 800 1446 faciles
823 1394 904 1433 autes
925 1375 1066 1453 praebere.

385 1454 514 1533 Quidam
535 1453 691 1521 adiiciunt,
719 1472 780 1511 curn
799 1450 966 1513 Hermolaus
990 1455 1066 1535 apud

384 1554 444 1596 eurn
455 1553 556 1608 auoque
566 1529 734 1591 verbereum
743 1551 773 1590 se
786 1552 875 1609 arege
884 1553 1063 1611 quereretur,

382 1611 494 1675 dixisse
509 1608 700 1673 Callisthenen
716 1610 893 1670 meminisse
904 1610 1003 1673 dehere
1013 1635 1064 1675 eos

380 1694 441 1774 jam
459 1693 536 1754 uiros
557 1710 628 1751 esse.
651 1685 736 1765 idque
755 1711 791 1749 an
809 1689 845 1749 ad
863 1690 1063 1754 consolandam

379 1772 545 1865 patientiam
568 1767 741 1840 verinum,-
769 1790 805 1828 an
827 1768 863 1829 acl
885 1769 1062 1834 incitantium

379 1871 510 1932 Juvenum
527 1848 645 1908 dolorem
659 1846 762 1908 dictum
779 1866 873 1917 esset,
889 1849 1063 1930 inambigua

375 1928 561 2009 scistellus
576 1927 664 1987 animi
683 1930 863 2005 corporisque
879 1951 985 2007 sopore
999 1932 1061 1992 dis·

383 2029 485 2077 curso,
503 2029 568 2068 cum
581 2007 651 2066 tanti
666 2007 801 2082 periculi,
816 2007 891 2085 quod
906 2029 1060 2082 evaserat,

383 2092 481 2170 imago
494 2088 584 2148 oculis
596 2090 740 2147 oberraret
749 2086 966 2164 ;.Eutylochum
982 2111 998 2148 ι
1012 2110 1060 2150 ta-

382 2171 468 2231 lentis
483 2186 512 2228 et
522 2168 666 2245 cujusdam
678 2166 819 2243 Tyridatis
830 2169 960 2244 opulenti
970 2172 1058 2231 bonis

382 2249 471 2310 donat
480 2248 606 2327 protinus
617 2268 626 2317 ς
638 2246 827 2324 fratremque,
839 2265 992 2325 antequam
1003 2272 1058 2325 pro

367 2328 472 2392 salute
492 2330 552 2403 ejus
571 2344 732 2404 precaretur
743 2368 753 2394 ,
776 2327 908 2389 restituit.
934 2329 1059 2397 Sceleris

381 2427 477 2469 autem
489 2426 636 2472 auctores,
656 2407 783 2482 interque
798 2426 847 2465 eos
858 2407 1058 2469 Callisthenen

381 2488 491 2549 vinctos
510 2485 649 2545 assert'ori
665 2486 761 2558 jubet:
775 2487 872 2562 quibus
895 2488 924 2544 in
943 2489 1058 2567 regiam

381 2567 524 2635 adductis,
540 2586 603 2625 toto
613 2565 656 2624 die
669 2582 698 2624 et
709 2582 794 2624 nocte
804 2566 935 2641 proxima
945 2605 954 2634 ‚
966 2588 1053 2628 mero

381 2669 415 2718 ac
426 2646 530 2727 vigiliis
538 2646 651 2727 grauis,
665 2643 815 2720 acquievit.
826 2644 943 2705 Postero
954 2665 1057 2709 autem

379 2727 510 2805 frequens
536 2725 687 2784 consilium
713 2722 863 2791 adhibuit,
889 2726 934 2785 cui
958 2745 1056 2799 patres

376 2804 583 2885 propinquique
594 2825 716 2873 eorum,
734 2805 877 2879 dequibus
891 2808 1055 2883 agebatur,

376 2888 546 2955 intereram
563 2904 599 2942 ne
611 2884 645 2943 de
657 2905 705 2943 sua
716 2885 829 2960 quidem
840 2884 929 2943 salute
939 2886 1051 2949 securis

372 2963 475 3045 quippe
488 2962 680 3032 Macedonum
691 2982 772 3028 more
782 2964 875 3048 petire
883 2964 1031 3050 debebant
1035 3006 1051 3050 3
