2625 4017
315 593 374 666 342'
495 575 821 661 Q,CURT11

313 688 402 747 citur:
413 683 503 743 multa
514 681 721 749 affirmatione,
732 682 878 759 animique
885 681 989 759 pariter

313 764 495 833 constantia,
517 781 546 822 et
567 763 648 823 vultu
674 762 819 832 abnuens,
838 760 989 840 ,quidquam

313 842 370 903 sibi
396 843 426 902 in
449 862 540 920 regem
554 840 715 918 cogitatum
737 859 826 913 esse,·
853 857 988 906 tormenta

314 922 400 982 etiam
414 922 582 998 deposcebat
593 920 622 978 in
633 918 819 998 semetipsum.
831 918 910 980 Cum
920 921 988 981 Phi·

315 1002 390 1063 lotas
408 1000 579 1062 circumlatis
594 999 685 1059 oculis
704 997 840 1058 incideret
855 1000 887 1056 in
902 999 988 1061 Calin

315 1082 469 1159 quemdam
483 1119 492 1149 ,
508 1078 583 1139 haud
600 1079 703 1155 procul
718 1095 861 1146 stantem,
875 1079 989 1160 propius

317 1181 378 1220 eum
388 1160 467 1239 jussit
476 1156 618 1221 accedere.
628 1158 684 1218 lllo
696 1160 860 1235 perturbato
870 1199 882 1227 ‚
905 1177 935 1219 et
945 1179 991 1220 re·

316 1258 433 1300 cusante
443 1238 558 1299 transire
569 1237 604 1297 ad
617 1258 705 1306 eum,
718 1235 856 1316 patieris,
874 1238 990 1316 inquit,

315 1314 492 1379 Demetrium
513 1315 645 1386 mentiri,
667 1335 811 1393 rursusque
830 1336 872 1375 me
890 1338 990 1379 excru-

317 1395 417 1457 ciari?
438 1396 523 1456 Calin
540 1415 601 1453 vox
620 1396 785 1476 sanguisque
804 1395 967 1459 defecerant
982 1420 992 1469 3

316 1481 349 1535 'et
360 1474 533 1535 Macedones
542 1473 676 1533 Philotan
692 1474 840 1551 inquinate
854 1476 991 1537 innoxios

318 1556 395 1617 velle
412 1554 644 1631 suspicabantur:
666 1554 730 1631 quia
746 1574 799 1613 nec
814 1576 831 1613 a
844 1554 990 1616 Nicoma·

319 1632 399 1705 cho,
416 1654 471 1693 nec
484 1636 518 1693 ab
533 1634 594 1711 ipso
605 1633 739 1701 Philota,
758 1654 825 1695 cum
839 1651 990 1711 torquere-

318 1734 387 1782 tur,
407 1713 570 1773 nominatus
592 1731 662 1773 esset
681 1713 855 1774 adolescens.
878 1712 992 1791 Quint

300 1827 304 1834 ·
319 1794 467 1870 prefectos
476 1790 549 1872 re'gis
561 1792 771 1852 circumstantes
785 1812 813 1851 se
825 1792 913 1862 vidit,
929 1791 993 1853 De-

302 1872 446 1931 smerrium
457 1889 484 1930 et
494 1869 670 1951 semetipsum
680 1869 831 1945 idfuciuus
849 1872 991 1951 cogitasse

319 1952 464 2010 confessus
483 1968 536 2011 est.
553 1948 665 2010 Omnes
683 1971 785 2030 ergoa
807 1950 992 2013 Nicomacho

317 2031 482 2090 nominatos
492 2072 502 2099 ‚
514 2050 596 2089 more
605 2031 714 2107 patrio,
727 2030 793 2088 dato
804 2030 825 2087 si
846 2052 903 2100 no,
916 2033 993 2092 saxis

316 2111 482 2170 obruerunt.
500 2110 609 2187 Magno
626 2130 686 2169 non
702 2108 792 2168 ruodo
803 2050 921 2181 mincis,
943 2111 991 2171 sed

315 2188 406 2249 etiam
417 2190 481 2250 vitae
491 2189 620 2265 periculo
636 2189 768 2249 liberatus
784 2208 843 2249 erat
858 2190 990 2252 Alexan·

317 2267 386 2330 der:
401 2268 503 2346 quippe
517 2267 669 2327 Parmenio
684 2286 712 2327 et
724 2267 868 2339 Philotas,
884 2270 992 2346 princi-

244 2419 245 2422 *
316 2368 368 2426 pes
383 2348 542 2408 amicorum
559 2347 612 2407 nisi
626 2349 722 2424 palam
737 2366 851 2418 sontes,
870 2350 930 2409 sine
946 2350 992 2410 in-

318 2428 484 2507 dignatione
501 2427 586 2487 torius
602 2428 741 2487 exercitus
757 2448 817 2485 non
832 2430 992 2504 potuissent

317 2507 459 2569 damnari.
474 2507 571 2582 Itaque
587 2526 690 2584 anceps
701 2507 816 2583 quaestio
829 2508 883 2567 fuit
896 2532 905 2568 r
920 2509 990 2569 dum

303 2585 458 2647 inficiatus
479 2603 521 2644 est
538 2586 665 2655 facinus,
692 2585 841 2645 crudeliter
863 2589 992 2664 torqueri

318 2664 467 2726 videbatur
478 2686 487 2725 t
498 2683 562 2741 post
571 2666 799 2734 confessionem,
815 2665 943 2726 Philotas
954 2687 992 2727 ne

317 2744 479 2811 amicorum
489 2745 603 2824 quidem
613 2744 835 2806 misericordiam
846 2746 965 2814 meruit.

595 2925 716 3003 ‘M‘
