<?xml version="1.0" encoding="UTF-8"?>
<!DOCTYPE html PUBLIC "-//W3C//DTD XHTML 1.0 Transitional//EN"
    "http://www.w3.org/TR/xhtml1/DTD/xhtml1-transitional.dtd">
<html xmlns="http://www.w3.org/1999/xhtml" xml:lang="en" lang="en">
 <head>
  <title>
</title>
<meta http-equiv="Content-Type" content="text/html;charset=utf-8" />
  <meta name='ocr-system' content='tesseract 3.04.00' />
  <meta name='ocr-capabilities' content='ocr_page ocr_carea ocr_par ocr_line ocrx_word'/>
</head>
<body>
  <div class='ocr_page' id='page_1' title='image "./qcurtiirufidere00rufugoog_0469.png"; bbox 0 0 2625 4017; ppageno 0'>
   <div class='ocr_carea' id='block_1_1' title="bbox 397 562 905 644">
    <p class='ocr_par' dir='ltr' id='par_1_1' title="bbox 397 562 905 644">
     <span class='ocr_line' id='line_1_1' title="bbox 397 562 905 644; baseline -0.004 -17"><span class='ocrx_word' id='word_1_1' title='bbox 397 588 456 641; x_wconf 83' lang='lat'>442</span> <span class='ocrx_word' id='word_1_2' title='bbox 578 562 622 644; x_wconf 84' lang='lat' dir='ltr'>Q.</span> <span class='ocrx_word' id='word_1_3' title='bbox 662 562 905 627; x_wconf 83' lang='lat' dir='ltr'><strong>CURTII</strong></span> 
     </span>
    </p>
   </div>
   <div class='ocr_carea' id='block_1_2' title="bbox 392 667 1080 3058">
    <p class='ocr_par' dir='ltr' id='par_1_2' title="bbox 392 667 1080 3058">
     <span class='ocr_line' id='line_1_2' title="bbox 397 667 1078 745; baseline -0.003 -15"><span class='ocrx_word' id='word_1_4' title='bbox 397 683 523 740; x_wconf 75' lang='lat' dir='ltr'>monte3</span> <span class='ocrx_word' id='word_1_5' title='bbox 545 667 642 727; x_wconf 87' lang='lat' dir='ltr'>multae</span> <span class='ocrx_word' id='word_1_6' title='bbox 670 687 809 745; x_wconf 85' lang='lat' dir='ltr'><strong>perennes</strong></span> <span class='ocrx_word' id='word_1_7' title='bbox 832 686 915 743; x_wconf 83' lang='lat' dir='ltr'>-aquae</span> <span class='ocrx_word' id='word_1_8' title='bbox 943 681 1078 729; x_wconf 86' lang='lat' dir='ltr'>manant.</span> 
     </span>
     <span class='ocr_line' id='line_1_3' title="bbox 398 747 1077 824; baseline -0.006 -14"><span class='ocrx_word' id='word_1_9' title='bbox 398 747 560 810; x_wconf 88' lang='lat' dir='ltr'><strong>Pomorum</strong></span> <span class='ocrx_word' id='word_1_10' title='bbox 578 767 692 824; x_wconf 90' lang='lat' dir='ltr'>quoque</span> <span class='ocrx_word' id='word_1_11' title='bbox 711 748 783 807; x_wconf 91' lang='lat' dir='ltr'>varii</span> <span class='ocrx_word' id='word_1_12' title='bbox 799 750 978 824; x_wconf 81' lang='lat' dir='ltr'>salubresque</span> <span class='ocrx_word' id='word_1_13' title='bbox 998 747 1077 806; x_wconf 85' lang='lat' dir='ltr'>succi</span> 
     </span>
     <span class='ocr_line' id='line_1_4' title="bbox 399 826 1078 903; baseline -0.004 -16"><span class='ocrx_word' id='word_1_14' title='bbox 399 845 490 896; x_wconf 86' lang='lat' dir='ltr'>sunt,</span> <span class='ocrx_word' id='word_1_15' title='bbox 516 849 565 886; x_wconf 90' lang='lat' dir='ltr'>sua</span> <span class='ocrx_word' id='word_1_16' title='bbox 593 844 693 903; x_wconf 87' lang='lat' dir='ltr'>sponte</span> <span class='ocrx_word' id='word_1_17' title='bbox 720 826 905 887; x_wconf 86' lang='lat' dir='ltr'>fortuitorum</span> <span class='ocrx_word' id='word_1_18' title='bbox 933 826 1078 886; x_wconf 90' lang='lat' dir='ltr'>seminum</span> 
     </span>
     <span class='ocr_line' id='line_1_5' title="bbox 398 905 1078 987; baseline -0.001 -19"><span class='ocrx_word' id='word_1_19' title='bbox 398 907 494 987; x_wconf 81' lang='lat' dir='ltr'>fruges</span> <span class='ocrx_word' id='word_1_20' title='bbox 509 906 598 965; x_wconf 88' lang='lat' dir='ltr'>humo</span> <span class='ocrx_word' id='word_1_21' title='bbox 616 905 767 968; x_wconf 75' lang='lat' dir='ltr'>nutriente.</span> <span class='ocrx_word' id='word_1_22' title='bbox 780 905 867 967; x_wconf 85' lang='lat' dir='ltr'>Lauri</span> <span class='ocrx_word' id='word_1_23' title='bbox 878 907 1030 983; x_wconf 84' lang='lat' dir='ltr'>baccaeque</span> <span class='ocrx_word' id='word_1_24' title='bbox 1047 920 1078 967; x_wconf 86' lang='lat' dir='ltr'>et</span> 
     </span>
     <span class='ocr_line' id='line_1_6' title="bbox 400 985 1077 1067; baseline -0.001 -20"><span class='ocrx_word' id='word_1_25' title='bbox 400 990 494 1047; x_wconf 86' lang='lat' dir='ltr'>multa</span> <span class='ocrx_word' id='word_1_26' title='bbox 518 986 548 1044; x_wconf 91' lang='lat' dir='ltr'>in</span> <span class='ocrx_word' id='word_1_27' title='bbox 574 986 630 1045; x_wconf 92' lang='lat' dir='ltr'>illis</span> <span class='ocrx_word' id='word_1_28' title='bbox 651 987 765 1063; x_wconf 83' lang='lat' dir='ltr'>rupibus</span> <span class='ocrx_word' id='word_1_29' title='bbox 786 989 903 1067; x_wconf 82' lang='lat' dir='ltr'>agrestis</span> <span class='ocrx_word' id='word_1_30' title='bbox 924 1003 967 1045; x_wconf 90' lang='lat' dir='ltr'>est</span> <span class='ocrx_word' id='word_1_31' title='bbox 992 985 1077 1046; x_wconf 75' lang='lat' dir='ltr'>silva.</span> 
     </span>
     <span class='ocr_line' id='line_1_7' title="bbox 401 1063 1076 1142; baseline -0.004 -16"><span class='ocrx_word' id='word_1_32' title='bbox 401 1066 499 1127; x_wconf 84' lang='lat' dir='ltr'>Credo</span> <span class='ocrx_word' id='word_1_33' title='bbox 516 1066 646 1142; x_wconf 82' lang='lat' dir='ltr'>equidem</span> <span class='ocrx_word' id='word_1_34' title='bbox 658 1086 718 1126; x_wconf 89' lang='lat' dir='ltr'>non</span> <span class='ocrx_word' id='word_1_35' title='bbox 734 1066 832 1129; x_wconf 90' lang='lat' dir='ltr'>divino</span> <span class='ocrx_word' id='word_1_36' title='bbox 847 1065 1009 1134; x_wconf 89' lang='lat' dir='ltr'>instinctu,</span> <span class='ocrx_word' id='word_1_37' title='bbox 1031 1063 1076 1125; x_wconf 90' lang='lat' dir='ltr'>sed</span> 
     </span>
     <span class='ocr_line' id='line_1_8' title="bbox 400 1144 1075 1223; baseline -0.004 -17"><span class='ocrx_word' id='word_1_38' title='bbox 400 1146 518 1208; x_wconf 83' lang='lat' dir='ltr'>lascivia</span> <span class='ocrx_word' id='word_1_39' title='bbox 534 1165 593 1206; x_wconf 86' lang='lat' dir='ltr'>esse</span> <span class='ocrx_word' id='word_1_40' title='bbox 611 1164 783 1223; x_wconf 87' lang='lat' dir='ltr'>provectos,</span> <span class='ocrx_word' id='word_1_41' title='bbox 801 1163 832 1207; x_wconf 92' lang='lat' dir='ltr'>ut</span> <span class='ocrx_word' id='word_1_42' title='bbox 847 1146 952 1223; x_wconf 82' lang='lat' dir='ltr'>passim</span> <span class='ocrx_word' id='word_1_43' title='bbox 966 1144 1075 1204; x_wconf 71' lang='lat' dir='ltr'>hedera,</span> 
     </span>
     <span class='ocr_line' id='line_1_9' title="bbox 403 1224 1077 1302; baseline -0.004 -16"><span class='ocrx_word' id='word_1_44' title='bbox 403 1225 559 1288; x_wconf 76' lang='lat' dir='ltr'>novitium</span> <span class='ocrx_word' id='word_1_45' title='bbox 580 1224 651 1285; x_wconf 85' lang='lat' dir='ltr'>folia</span> <span class='ocrx_word' id='word_1_46' title='bbox 671 1226 854 1302; x_wconf 84' lang='lat' dir='ltr'>decerperent</span> <span class='ocrx_word' id='word_1_47' title='bbox 863 1266 875 1293; x_wconf 90' lang='lat'>,</span> <span class='ocrx_word' id='word_1_48' title='bbox 897 1224 1077 1299; x_wconf 84' lang='lat' dir='ltr'>redimitique</span> 
     </span>
     <span class='ocr_line' id='line_1_10' title="bbox 401 1301 1078 1366; baseline -0.004 0"><span class='ocrx_word' id='word_1_49' title='bbox 401 1305 504 1366; x_wconf 81' lang='lat' dir='ltr'>fronde</span> <span class='ocrx_word' id='word_1_50' title='bbox 521 1322 584 1363; x_wconf 91' lang='lat' dir='ltr'>toto</span> <span class='ocrx_word' id='word_1_51' title='bbox 605 1324 725 1365; x_wconf 89' lang='lat' dir='ltr'>nemore</span> <span class='ocrx_word' id='word_1_52' title='bbox 747 1306 853 1366; x_wconf 86' lang='lat' dir='ltr'>similes</span> <span class='ocrx_word' id='word_1_53' title='bbox 872 1301 1078 1364; x_wconf 84' lang='lat' dir='ltr'>Bacchantibus</span> 
     </span>
     <span class='ocr_line' id='line_1_11' title="bbox 404 1382 1077 1465; baseline -0.004 -21"><span class='ocrx_word' id='word_1_54' title='bbox 404 1401 585 1465; x_wconf 83' lang='lat' dir='ltr'>vagarentur.</span> <span class='ocrx_word' id='word_1_55' title='bbox 607 1383 737 1445; x_wconf 85' lang='lat' dir='ltr'>Vocibus</span> <span class='ocrx_word' id='word_1_56' title='bbox 760 1406 830 1465; x_wconf 85' lang='lat' dir='ltr'>ergo</span> <span class='ocrx_word' id='word_1_57' title='bbox 856 1401 901 1444; x_wconf 87' lang='lat' dir='ltr'>tot</span> <span class='ocrx_word' id='word_1_58' title='bbox 922 1382 1077 1452; x_wconf 89' lang='lat' dir='ltr'>millium,</span> 
     </span>
     <span class='ocr_line' id='line_1_12' title="bbox 400 1461 1076 1541; baseline -0.001 -19"><span class='ocrx_word' id='word_1_59' title='bbox 400 1461 546 1541; x_wconf 78' lang='lat' dir='ltr'>praesidem</span> <span class='ocrx_word' id='word_1_60' title='bbox 562 1464 688 1524; x_wconf 86' lang='lat' dir='ltr'>nemoris</span> <span class='ocrx_word' id='word_1_61' title='bbox 699 1465 758 1541; x_wconf 88' lang='lat' dir='ltr'>ejus</span> <span class='ocrx_word' id='word_1_62' title='bbox 767 1463 865 1526; x_wconf 89' lang='lat' dir='ltr'>Deum</span> <span class='ocrx_word' id='word_1_63' title='bbox 875 1463 1076 1531; x_wconf 86' lang='lat' dir='ltr'>adorantium,</span> 
     </span>
     <span class='ocr_line' id='line_1_13' title="bbox 404 1542 1076 1624; baseline -0.003 -21"><span class='ocrx_word' id='word_1_64' title='bbox 404 1542 473 1624; x_wconf 85' lang='lat' dir='ltr'>juga</span> <span class='ocrx_word' id='word_1_65' title='bbox 495 1542 602 1603; x_wconf 87' lang='lat' dir='ltr'>montis</span> <span class='ocrx_word' id='word_1_66' title='bbox 622 1543 767 1621; x_wconf 90' lang='lat' dir='ltr'>collesque</span> <span class='ocrx_word' id='word_1_67' title='bbox 790 1545 986 1615; x_wconf 81' lang='lat' dir='ltr'>resonabant3</span> <span class='ocrx_word' id='word_1_68' title='bbox 1009 1563 1076 1603; x_wconf 91' lang='lat' dir='ltr'>cum</span> 
     </span>
     <span class='ocr_line' id='line_1_14' title="bbox 399 1622 1077 1700; baseline -0.001 -17"><span class='ocrx_word' id='word_1_69' title='bbox 399 1639 468 1684; x_wconf 85' lang='lat' dir='ltr'>-orta</span> <span class='ocrx_word' id='word_1_70' title='bbox 478 1623 618 1683; x_wconf 86' lang='lat' dir='ltr'>licentiaa</span> <span class='ocrx_word' id='word_1_71' title='bbox 631 1624 745 1700; x_wconf 86' lang='lat' dir='ltr'>paucis,</span> <span class='ocrx_word' id='word_1_72' title='bbox 759 1643 790 1684; x_wconf 91' lang='lat' dir='ltr'>ut</span> <span class='ocrx_word' id='word_1_73' title='bbox 797 1625 855 1683; x_wconf 86' lang='lat' dir='ltr'>fcre</span> <span class='ocrx_word' id='word_1_74' title='bbox 864 1622 915 1690; x_wconf 91' lang='lat' dir='ltr'>fit,</span> <span class='ocrx_word' id='word_1_75' title='bbox 930 1622 961 1681; x_wconf 91' lang='lat' dir='ltr'>in</span> <span class='ocrx_word' id='word_1_76' title='bbox 975 1640 1077 1683; x_wconf 87' lang='lat' dir='ltr'>omnes</span> 
     </span>
     <span class='ocr_line' id='line_1_15' title="bbox 402 1702 1077 1784; baseline -0.004 -21"><span class='ocrx_word' id='word_1_77' title='bbox 402 1721 560 1780; x_wconf 76' lang='lat' dir='ltr'>rerepente</span> <span class='ocrx_word' id='word_1_78' title='bbox 572 1703 724 1784; x_wconf 83' lang='lat' dir='ltr'>vulgasset.</span> <span class='ocrx_word' id='word_1_79' title='bbox 746 1702 862 1782; x_wconf 87' lang='lat' dir='ltr'>Quippe</span> <span class='ocrx_word' id='word_1_80' title='bbox 873 1704 994 1764; x_wconf 90' lang='lat' dir='ltr'>velutin</span> <span class='ocrx_word' id='word_1_81' title='bbox 1010 1719 1077 1760; x_wconf 84' lang='lat' dir='ltr'>me·</span> 
     </span>
     <span class='ocr_line' id='line_1_16' title="bbox 403 1782 1080 1863; baseline -0.006 -20"><span class='ocrx_word' id='word_1_82' title='bbox 403 1783 450 1843; x_wconf 88' lang='lat' dir='ltr'>dia</span> <span class='ocrx_word' id='word_1_83' title='bbox 466 1803 557 1860; x_wconf 88' lang='lat' dir='ltr'>pace,</span> <span class='ocrx_word' id='word_1_84' title='bbox 576 1802 626 1859; x_wconf 87' lang='lat' dir='ltr'>per</span> <span class='ocrx_word' id='word_1_85' title='bbox 641 1782 740 1843; x_wconf 88' lang='lat' dir='ltr'>herbas</span> <span class='ocrx_word' id='word_1_86' title='bbox 757 1799 979 1863; x_wconf 83' lang='lat' dir='ltr'>congestamque</span> <span class='ocrx_word' id='word_1_87' title='bbox 995 1782 1080 1841; x_wconf 85' lang='lat' dir='ltr'>fron·</span> 
     </span>
     <span class='ocr_line' id='line_1_17' title="bbox 405 1861 1079 1940; baseline -0.001 -20"><span class='ocrx_word' id='word_1_88' title='bbox 405 1862 471 1922; x_wconf 91' lang='lat' dir='ltr'>dem</span> <span class='ocrx_word' id='word_1_89' title='bbox 494 1880 702 1939; x_wconf 81' lang='lat' dir='ltr'>prostraverant</span> <span class='ocrx_word' id='word_1_90' title='bbox 721 1880 854 1940; x_wconf 87' lang='lat' dir='ltr'>corpora.</span> <span class='ocrx_word' id='word_1_91' title='bbox 878 1861 915 1922; x_wconf 88' lang='lat' dir='ltr'>Et</span> <span class='ocrx_word' id='word_1_92' title='bbox 932 1863 997 1922; x_wconf 84' lang='lat' dir='ltr'>Rex</span> <span class='ocrx_word' id='word_1_93' title='bbox 1019 1863 1079 1921; x_wconf 85' lang='lat' dir='ltr'>for·</span> 
     </span>
     <span class='ocr_line' id='line_1_18' title="bbox 403 1938 1077 2022; baseline -0.001 -22"><span class='ocrx_word' id='word_1_94' title='bbox 403 1940 506 2000; x_wconf 91' lang='lat' dir='ltr'>tuitam</span> <span class='ocrx_word' id='word_1_95' title='bbox 520 1941 667 2001; x_wconf 86' lang='lat' dir='ltr'>licentiam</span> <span class='ocrx_word' id='word_1_96' title='bbox 681 1963 739 2001; x_wconf 92' lang='lat' dir='ltr'>non</span> <span class='ocrx_word' id='word_1_97' title='bbox 756 1959 920 2009; x_wconf 86' lang='lat' dir='ltr'>aversatus,</span> <span class='ocrx_word' id='word_1_98' title='bbox 944 1943 1024 2022; x_wconf 86' lang='lat' dir='ltr'>large</span> <span class='ocrx_word' id='word_1_99' title='bbox 1042 1938 1077 2000; x_wconf 82' lang='lat' dir='ltr'>ad</span> 
     </span>
     <span class='ocr_line' id='line_1_19' title="bbox 401 2018 1078 2098; baseline 0.001 -20"><span class='ocrx_word' id='word_1_100' title='bbox 401 2020 502 2095; x_wconf 86' lang='lat' dir='ltr'>epulas</span> <span class='ocrx_word' id='word_1_101' title='bbox 517 2022 649 2081; x_wconf 86' lang='lat' dir='ltr'>omnibus</span> <span class='ocrx_word' id='word_1_102' title='bbox 668 2018 808 2098; x_wconf 81' lang='lat' dir='ltr'>praebitis,</span> <span class='ocrx_word' id='word_1_103' title='bbox 831 2022 995 2098; x_wconf 87' lang='lat' dir='ltr'>perdecem</span> <span class='ocrx_word' id='word_1_104' title='bbox 1019 2021 1078 2081; x_wconf 86' lang='lat' dir='ltr'>dies</span> 
     </span>
     <span class='ocr_line' id='line_1_20' title="bbox 402 2097 1076 2177; baseline -0.001 -19"><span class='ocrx_word' id='word_1_105' title='bbox 402 2097 510 2159; x_wconf 71' lang='lat' dir='ltr'>bibero</span> <span class='ocrx_word' id='word_1_106' title='bbox 523 2099 599 2159; x_wconf 87' lang='lat' dir='ltr'>Patri</span> <span class='ocrx_word' id='word_1_107' title='bbox 617 2120 766 2177; x_wconf 85' lang='lat' dir='ltr'>operatum</span> <span class='ocrx_word' id='word_1_108' title='bbox 786 2100 883 2161; x_wconf 87' lang='lat' dir='ltr'>babuit</span> <span class='ocrx_word' id='word_1_109' title='bbox 902 2100 1076 2160; x_wconf 83' lang='lat' dir='ltr'>exercitum.</span> 
     </span>
     <span class='ocr_line' id='line_1_21' title="bbox 404 2176 1076 2260; baseline 0.001 -23"><span class='ocrx_word' id='word_1_110' title='bbox 404 2176 480 2254; x_wconf 88' lang='lat' dir='ltr'>Quis</span> <span class='ocrx_word' id='word_1_111' title='bbox 489 2180 716 2259; x_wconf 85' lang='lat' dir='ltr'>negeteximiam</span> <span class='ocrx_word' id='word_1_112' title='bbox 724 2200 837 2258; x_wconf 85' lang='lat' dir='ltr'>quoque</span> <span class='ocrx_word' id='word_1_113' title='bbox 844 2179 967 2260; x_wconf 84' lang='lat' dir='ltr'>gloriam</span> <span class='ocrx_word' id='word_1_114' title='bbox 978 2182 1076 2257; x_wconf 75' lang='lat' dir='ltr'>sepius</span> 
     </span>
     <span class='ocr_line' id='line_1_22' title="bbox 402 2256 1077 2337; baseline 0 -20"><span class='ocrx_word' id='word_1_115' title='bbox 402 2258 522 2318; x_wconf 78' lang='lat' dir='ltr'>fortunae</span> <span class='ocrx_word' id='word_1_116' title='bbox 536 2297 546 2326; x_wconf 90' lang='lat'>,</span> <span class='ocrx_word' id='word_1_117' title='bbox 568 2282 654 2337; x_wconf 88' lang='lat' dir='ltr'>quam</span> <span class='ocrx_word' id='word_1_118' title='bbox 673 2260 783 2320; x_wconf 89' lang='lat' dir='ltr'>virtutis</span> <span class='ocrx_word' id='word_1_119' title='bbox 803 2280 861 2319; x_wconf 87' lang='lat' dir='ltr'>esse</span> <span class='ocrx_word' id='word_1_120' title='bbox 877 2256 1077 2320; x_wconf 74' lang='lat' dir='ltr'>beneficium.²</span> 
     </span>
     <span class='ocr_line' id='line_1_23' title="bbox 400 2340 1078 2417; baseline -0.001 -19"><span class='ocrx_word' id='word_1_121' title='bbox 400 2340 505 2415; x_wconf 89' lang='lat' dir='ltr'>quippe</span> <span class='ocrx_word' id='word_1_122' title='bbox 526 2359 562 2399; x_wconf 91' lang='lat' dir='ltr'>ne</span> <span class='ocrx_word' id='word_1_123' title='bbox 583 2341 727 2416; x_wconf 88' lang='lat' dir='ltr'>epulantes</span> <span class='ocrx_word' id='word_1_124' title='bbox 746 2340 887 2415; x_wconf 88' lang='lat' dir='ltr'>quidem,</span> <span class='ocrx_word' id='word_1_125' title='bbox 917 2357 946 2398; x_wconf 89' lang='lat' dir='ltr'>et</span> <span class='ocrx_word' id='word_1_126' title='bbox 966 2341 1078 2417; x_wconf 88' lang='lat' dir='ltr'>sopitos</span> 
     </span>
     <span class='ocr_line' id='line_1_24' title="bbox 403 2418 1077 2500; baseline 0 -23"><span class='ocrx_word' id='word_1_127' title='bbox 403 2438 486 2477; x_wconf 88' lang='lat' dir='ltr'>mero</span> <span class='ocrx_word' id='word_1_128' title='bbox 502 2420 615 2500; x_wconf 82' lang='lat' dir='ltr'>aggredi</span> <span class='ocrx_word' id='word_1_129' title='bbox 626 2441 707 2479; x_wconf 87' lang='lat' dir='ltr'>ausus</span> <span class='ocrx_word' id='word_1_130' title='bbox 723 2437 764 2478; x_wconf 87' lang='lat' dir='ltr'>est</span> <span class='ocrx_word' id='word_1_131' title='bbox 774 2418 882 2486; x_wconf 90' lang='lat' dir='ltr'>hostis,</span> <span class='ocrx_word' id='word_1_132' title='bbox 902 2418 976 2478; x_wconf 92' lang='lat' dir='ltr'>haud</span> <span class='ocrx_word' id='word_1_133' title='bbox 995 2439 1077 2479; x_wconf 85' lang='lat' dir='ltr'>secus</span> 
     </span>
     <span class='ocr_line' id='line_1_25' title="bbox 401 2496 1078 2575; baseline -0.001 -17"><span class='ocrx_word' id='word_1_134' title='bbox 401 2496 838 2575; x_wconf 84' lang='lat' dir='ltr'>Bacchantiumululantiumque</span> <span class='ocrx_word' id='word_1_135' title='bbox 848 2499 961 2558; x_wconf 86' lang='lat' dir='ltr'>fremitu</span> <span class='ocrx_word' id='word_1_136' title='bbox 971 2519 1078 2575; x_wconf 87' lang='lat' dir='ltr'>pertet-</span> 
     </span>
     <span class='ocr_line' id='line_1_26' title="bbox 402 2577 1080 2655; baseline 0 -18"><span class='ocrx_word' id='word_1_137' title='bbox 402 2577 496 2647; x_wconf 87' lang='lat' dir='ltr'>ritus,</span> <span class='ocrx_word' id='word_1_138' title='bbox 519 2602 605 2655; x_wconf 92' lang='lat' dir='ltr'>quam</span> <span class='ocrx_word' id='word_1_139' title='bbox 626 2578 648 2637; x_wconf 83' lang='lat' dir='ltr'>si</span> <span class='ocrx_word' id='word_1_140' title='bbox 670 2578 855 2653; x_wconf 72' lang='lat' dir='ltr'>preliantium</span> <span class='ocrx_word' id='word_1_141' title='bbox 874 2580 986 2637; x_wconf 87' lang='lat' dir='ltr'>clamor</span> <span class='ocrx_word' id='word_1_142' title='bbox 1004 2593 1080 2637; x_wconf 84' lang='lat' dir='ltr'>esset</span> 
     </span>
     <span class='ocr_line' id='line_1_27' title="bbox 403 2656 1077 2719; baseline 0.001 -4"><span class='ocrx_word' id='word_1_143' title='bbox 403 2658 524 2719; x_wconf 88' lang='lat' dir='ltr'>auditus.</span> <span class='ocrx_word' id='word_1_144' title='bbox 537 2660 641 2718; x_wconf 88' lang='lat' dir='ltr'>Eadem</span> <span class='ocrx_word' id='word_1_145' title='bbox 657 2659 774 2717; x_wconf 85' lang='lat' dir='ltr'>felicitas</span> <span class='ocrx_word' id='word_1_146' title='bbox 790 2662 824 2717; x_wconf 91' lang='lat' dir='ltr'>ab</span> <span class='ocrx_word' id='word_1_147' title='bbox 841 2656 964 2717; x_wconf 82' lang='lat' dir='ltr'>Oceano</span> <span class='ocrx_word' id='word_1_148' title='bbox 978 2679 1077 2719; x_wconf 86' lang='lat' dir='ltr'>rever-</span> 
     </span>
     <span class='ocr_line' id='line_1_28' title="bbox 402 2738 1077 2813; baseline 0.004 -18"><span class='ocrx_word' id='word_1_149' title='bbox 402 2751 493 2797; x_wconf 89' lang='lat' dir='ltr'>tentes</span> <span class='ocrx_word' id='word_1_150' title='bbox 502 2740 675 2798; x_wconf 85' lang='lat' dir='ltr'>temulentos</span> <span class='ocrx_word' id='word_1_151' title='bbox 686 2756 929 2813; x_wconf 85' lang='lat' dir='ltr'>comessantesque</span> <span class='ocrx_word' id='word_1_152' title='bbox 938 2738 1014 2799; x_wconf 88' lang='lat' dir='ltr'>inter</span> <span class='ocrx_word' id='word_1_153' title='bbox 1025 2759 1077 2798; x_wconf 84' lang='lat' dir='ltr'>ora</span> 
     </span>
     <span class='ocr_line' id='line_1_29' title="bbox 402 2814 1078 2897; baseline 0.004 -22"><span class='ocrx_word' id='word_1_154' title='bbox 402 2814 528 2876; x_wconf 83' lang='lat' dir='ltr'>hostium</span> <span class='ocrx_word' id='word_1_155' title='bbox 553 2817 634 2880; x_wconf 83' lang='lat' dir='ltr'>texit.</span> <span class='ocrx_word' id='word_1_156' title='bbox 657 2817 735 2877; x_wconf 91' lang='lat' dir='ltr'>Hinc</span> <span class='ocrx_word' id='word_1_157' title='bbox 761 2818 795 2876; x_wconf 91' lang='lat' dir='ltr'>ad</span> <span class='ocrx_word' id='word_1_158' title='bbox 820 2817 991 2897; x_wconf 83' lang='lat' dir='ltr'>regionem,</span> <span class='ocrx_word' id='word_1_159' title='bbox 1013 2840 1078 2893; x_wconf 84' lang='lat' dir='ltr'>quae</span> 
     </span>
     <span class='ocr_line' id='line_1_30' title="bbox 392 2896 1079 2974; baseline 0.001 -19"><span class='ocrx_word' id='word_1_160' title='bbox 392 2896 521 2958; x_wconf 83' lang='lat' dir='ltr'>-Doedala</span> <span class='ocrx_word' id='word_1_161' title='bbox 532 2916 668 2965; x_wconf 89' lang='lat' dir='ltr'>vocatur,</span> <span class='ocrx_word' id='word_1_162' title='bbox 684 2916 852 2974; x_wconf 87' lang='lat' dir='ltr'>perventum</span> <span class='ocrx_word' id='word_1_163' title='bbox 865 2914 917 2956; x_wconf 89' lang='lat' dir='ltr'>est.</span> <span class='ocrx_word' id='word_1_164' title='bbox 931 2896 1079 2957; x_wconf 86' lang='lat' dir='ltr'>Deserue-</span> 
     </span>
     <span class='ocr_line' id='line_1_31' title="bbox 392 2974 1079 3058; baseline 0.003 -19"><span class='ocrx_word' id='word_1_165' title='bbox 392 2994 467 3039; x_wconf 58' lang='lat' dir='ltr'>‘rant</span> <span class='ocrx_word' id='word_1_166' title='bbox 475 2976 578 3040; x_wconf 84' lang='lat' dir='ltr'>incolae</span> <span class='ocrx_word' id='word_1_167' title='bbox 587 2978 685 3049; x_wconf 89' lang='lat' dir='ltr'>sedes,</span> <span class='ocrx_word' id='word_1_168' title='bbox 701 2976 770 3039; x_wconf 89' lang='lat' dir='ltr'>etin</span> <span class='ocrx_word' id='word_1_169' title='bbox 784 2977 866 3043; x_wconf 83' lang='lat' dir='ltr'>avios</span> <span class='ocrx_word' id='word_1_170' title='bbox 879 2974 1079 3058; x_wconf 77' lang='lat' dir='ltr'>silvestresque</span> 
     </span>
    </p>
   </div>
   <div class='ocr_carea' id='block_1_3' title="bbox 0 0 1319 4017">
    <p class='ocr_par' dir='ltr' id='par_1_3' title="bbox 0 0 1319 4017">
     <span class='ocr_line' id='line_1_32' title="bbox 0 0 1319 4017; baseline 0 0"><span class='ocrx_word' id='word_1_171' title='bbox 0 0 1319 4017; x_wconf 95' lang='lat' dir='ltr'> </span> 
     </span>
    </p>
   </div>
  </div>
 </body>
</html>
