2625 4017
405 596 464 657 eto
585 579 639 659 Q?
669 568 908 643 cuum

404 678 488 742 diotre
506 679 615 741 rastelli
635 678 730 759 exigui
751 698 786 740 er·
797 672 960 759 ignobtiis?
982 671 1077 741 Simul

405 761 466 839 jam
480 760 621 822 interrhaec
631 762 915 837 enunutpetebatur3
934 778 1000 818 curn
1016 776 1076 818 tes·

405 840 503 901 tudine
520 840 634 919 objecta
647 839 773 907 milites,
793 840 841 915 qui
854 855 887 897 ut
900 836 966 896 inde
981 836 1077 897 disce-

404 919 500 987 deret,
515 938 565 997 pot
585 919 672 979 ellere
691 917 898 995 nequiverant,
914 918 1080 980 tuebanturt

404 995 538 1057 Tandem
551 939 671 1058 fautori
684 1018 765 1075 super
776 1016 872 1057 arcem
883 996 957 1056 urbis
967 1016 996 1055 se
1007 1016 1078 1056 curn

405 1098 459 1137 tuo
473 1076 587 1157 agmine
597 1076 737 1137 ostendit:
749 1076 784 1135 ad
799 1076 878 1154 cujus
890 1087 1077 1153 conspectum

406 1174 437 1217 ct
457 1156 546 1217 animi
569 1155 694 1217 hostiurn
716 1156 833 1228 labare3
854 1173 882 1216 et
902 1154 1078 1215 Macedoner

405 1237 498 1297 acrius
508 1237 635 1313 prelium
645 1235 717 1295 inire
725 1252 882 1312 coeperunt.
898 1229 1013 1311 Anceps
1023 1254 1079 1309 ορ·

405 1316 524 1391 pidanos
535 1315 644 1375 malum
657 1318 794 1394 urgebat3
807 1332 862 1374 uec
878 1313 935 1372 sisti
949 1313 991 1374 vis
1005 1311 1075 1372 hos·

405 1395 478 1453 tium
490 1411 613 1472 poterat.
626 1390 729 1453 Paucis
742 1394 780 1453 ad.
788 1391 968 1452 moriendum
980 1411 991 1462 3
1008 1394 1076 1470 plu·

406 1473 483 1533 ribus
491 1472 525 1534 ad
537 1472 633 1553 fugam
646 1472 757 1532 animus
768 1471 839 1532 iuitt
852 1487 954 1550 magna
967 1491 1030 1549 pars
1044 1470 1077 1530 in

406 1570 504 1612 urcem
513 1552 663 1613 concessit.
685 1550 753 1611 Inde
764 1569 828 1611 xxx
839 1550 997 1610 oratoribus
1008 1549 1078 1609 mis·

405 1630 443 1691 sis
465 1630 499 1691 ad
521 1630 750 1723 deprecandum,
774 1629 850 1690 triste
870 1649 1036 1706 responsum
1060 1650 1076 1689 a

405 1727 475 1789 rege
488 1712 628 1784 redditum
646 1726 774 1770 noneste
791 1706 993 1769 verticularum.
1016 1709 1078 1768 Ita·

404 1809 462 1867 que
477 1790 681 1868 suppliciorum
696 1807 775 1849 metu
786 1788 930 1865 perculsi,
950 1787 983 1846 ad
997 1788 1077 1864 Sisy·

405 1868 543 1962 garobin,
560 1867 642 1928 Darii
660 1884 800 1936 matrem,
817 1868 933 1927 occulto
951 1866 1076 1936 itinere,

404 1965 565 2027 ignotoque
575 1946 717 2018 hostibus,
728 1946 860 2015 mittunt,
872 1946 920 2022 qui
930 1963 1077 2023 peterent,

404 2042 438 2084 ut
447 2023 510 2105 ipre
526 2046 620 2106 regem
636 2026 778 2105 mitigaret
789 2049 798 2084 :
810 2024 883 2085 haud
896 2026 1006 2105 ignari,
1026 2046 1079 2103 pa·

407 2106 494 2165 tentis
509 2124 573 2165 eam
587 2107 655 2166 loco
666 2106 745 2186 diligi
756 2106 880 2182 colique.
897 2101 934 2164 Et
948 2103 1078 2166 Madatet

405 2183 511 2244 sotoris
522 2184 610 2245 filiam
621 2206 717 2247 secum
726 2184 911 2244 matrimonio
923 2184 1076 2261 junxerat,

405 2260 530 2325 Darium
539 2266 695 2343 propinqua
705 2264 879 2345 cognatione
893 2264 1078 2345 contingens.

404 2338 467 2405 Diu
483 2343 653 2425 Sisygambis
670 2346 827 2424 supplicum
845 2341 974 2420 precibus
990 2364 1074 2419 repu-

404 2423 526 2505 gnavit,
548 2427 693 2493 abnuens,
716 2423 933 2504 deprecationem
945 2441 994 2503 pro
1013 2421 1077 2483 illis

404 2500 701 2578 conuenirefortunae,
725 2502 822 2581 inqua
841 2519 914 2561 esser
930 2526 940 2560 .·
954 2498 1077 2578 adjecit-

394 2600 477 2659 que,
499 2599 617 2643 metuere
633 2603 719 2653 sere,
740 2602 782 2652 ne·
793 2578 909 2643 victoris
924 2578 1077 2671 induigen-

403 2657 474 2719 tiam
489 2659 639 2741 fatigaret.
651 2659 761 2743 Saepius
772 2659 894 2751 cogitare
906 2699 916 2728 ‚
936 2676 1076 2738 capturam

402 2757 468 2798 esse
479 2759 531 2809 re,
548 2738 626 2819 quam
636 2738 870 2821 reginamfutrre.
883 2739 928 2798 Ad
939 2739 1076 2799 ultimum

402 2817 501 2889 victa,
528 2819 615 2880 literis
636 2821 831 2881 Alexandrum
857 2818 896 2878 ita
924 2819 1076 2895 deprecata

402 2913 447 2957 ert
458 2919 468 2970 3
481 2914 512 2956 ut
524 2898 614 2977 ipram
628 2917 772 2961 excusaret
787 2897 856 2979 quod
874 2896 1075 2974 deprecaretur.

401 2971 504 3040 Petere
514 2996 566 3054 re,
586 2995 617 3041 ut
627 2976 688 3040 iuis
700 2998 824 3060 quoque,·
842 2977 997 3048 siminus,
1016 2974 1074 3039 siti
