2625 4017
487 545 680 612 LIBER
718 544 761 612 V.
900 569 957 627 259

284 645 431 729 quosdam
449 650 579 710 manibus
597 650 764 727 auribusque
783 650 962 728 amputatis,

286 729 445 806 inustisque
462 732 643 790 barbaramm
656 730 803 792 literarum
818 729 913 800 notis,
931 730 963 792 iu

288 810 415 890 longum
440 808 482 870 sui
504 808 657 869 ludibrium
676 829 908 883 reservaverant;
931 827 963 874 et

287 908 359 949 eum
371 908 401 948 se
411 908 525 964 quoque
541 890 639 948 alienae
655 888 770 948 ditionis
786 908 844 949 esse
859 909 962 952 cerue-

289 986 376 1039 reut3
398 968 529 1028 volentes
543 968 603 1046 regi
617 988 766 1030 occurrere
779 989 839 1028 non
859 966 961 1044 prohi-

290 1050 424 1110 buerant.
430 1047 566 1107 Inusitata
574 1047 753 1117 simulachra,
760 1068 819 1108 non
830 1047 963 1110 homines

287 1126 478 1199 videbantur3
499 1126 721 1203 necquidquam
740 1128 770 1186 in
790 1127 847 1187 illis
865 1143 964 1203 pretet

283 1226 396 1269 vocem
405 1223 517 1284 poterat
530 1205 658 1285 agnosci.
671 1204 768 1266 Plures
777 1205 863 1345 iffitut
875 1206 963 1268 lueri

290 1307 354 1347 mas
371 1305 578 1353 commouere,
597 1304 684 1361 quam
700 1285 783 1363 profu
802 1304 883 1345 erant
898 1285 962 1363 ipsi.

291 1364 412 1443 Quippe
423 1367 454 1425 in
469 1382 528 1425 tam
539 1364 692 1440 multiplici
702 1365 833 1444 variaque
848 1365 964 1428 fortusse

289 1443 492 1526 singulorum,
513 1444 686 1507 intuentibus
703 1444 809 1505 similes
823 1443 963 1522 quidem,

289 1526 341 1585 sed
358 1542 455 1587 tamen
472 1523 592 1600 dispares
612 1544 733 1599 prestas,
754 1524 816 1601 quis
836 1524 964 1586 maxime

290 1604 459 1665 miserabilis
472 1620 562 1671 esser,
581 1602 689 1678 liquere
702 1624 761 1662 non
777 1619 899 1679 poterat.
917 1604 963 1664 Ut

290 1704 363 1746 vero
384 1681 483 1745 Jovem
506 1681 549 1741 illi
574 1677 685 1740 taudem
707 1678 827 1742 Graerioe
849 1677 964 1742 ultorem¹

289 1757 964 1842 operuisseoculosconclamavere30moespari

291 1841 433 1919 supplicio
451 1837 542 1901 affecti
559 1840 611 1900 sibi
628 1839 803 1902 videbantur.
821 1842 885 1901 Rex
897 1843 963 1920 aba?

290 1922 393 1989 tersis,
415 1941 483 1997 quas
498 1919 679 1999 profuderat,
698 1920 844 1988 lacrimis,
863 1918 962 1979 bonum

291 1997 395 2060 habere
417 1998 539 2059 animum
554 2001 651 2076 jubet3
671 1998 779 2059 visuros
800 1998 879 2059 urbes
895 2019 963 2060 suus

292 2082 477 2157 coniugesque
497 2104 507 2138 .·
527 2097 557 2138 et
574 2096 663 2139 castra
682 2080 747 2139 inde
764 2079 821 2139 duo
840 2079 883 2138 ab
894 2080 964 2139 urbe

292 2159 380 2218 stadia
392 2159 563 2220 communit·
574 2156 669 2217 Graeci
679 2177 855 2219 excesserant
865 2160 964 2226 vallo,

292 2238 494 2307 deliberaturi,
511 2236 577 2314 quid
592 2236 771 2313 potissimum
786 2258 878 2324 arege
888 2237 969 2314 per'e

292 2335 376 2378 rent:
392 2335 515 2405 cumque
533 2317 596 2377 aliis
612 2314 694 2375 sedes
712 2315 742 2375 in
753 2314 826 2378 Asia
843 2333 965 2395 rogum

293 2397 357 2456 aliis
378 2414 479 2455 revertr
502 2394 596 2455 domos
616 2394 741 2471 placeret
758 2417 769 2468 ς
799 2394 965 2483 Euthymon

293 2475 426 2553 Cymaeus
438 2475 476 2535 ita
487 2477 599 2535 locutus
612 2474 646 2533 ad
659 2492 709 2534 eos
724 2474 821 2535 fertur.
837 2470 899 2543 Ht,
917 2471 965 2552 qui

295 2552 420 2613 modoad
432 2574 508 2633 opem
517 2551 664 2634 petendum
677 2574 712 2614 ex
722 2552 843 2614 tenebris
860 2569 887 2613 et
898 2572 967 2616 cue·

294 2654 356 2694 cere
376 2632 522 2711 procedere
543 2631 723 2701 erubuimus,
745 2650 775 2692 ut
794 2651 866 2693 nuuc
891 2648 968 2699 ert,

292 2710 455 2801 supplicia,
475 2718 489 2788 (
508 2732 619 2791 quorum
633 2732 684 2770 nos
700 2710 802 2791 pudeat
818 2710 911 2862 reglis
928 2730 966 2770 rur

293 2808 449 2872 peniteat,
471 2793 683 2863 rucerruruesr)
696 2807 834 2852 ostentare
891 2788 970 2850 oeciae

294 2868 371 2931 velut
383 2868 476 2931 iaetum
488 2867 672 2950 spectaculum
683 2868 825 2950 cupimus·
834 2866 873 2929 At
885 2865 969 2950 ϋη-

295 2948 365 3011 ru'ure
377 2946 636 3027 miseriasferuut,
658 2948 704 3032 qui
714 2946 887 3011 abscondunt
900 2964 971 3016 terte

819 3046 880 3129 Yij
