2625 4017
489 562 676 631 LIBER
724 567 797 632 lv.
921 586 976 644 197

302 674 388 730 antea
412 686 512 748 prater
530 669 623 748 jacula
643 669 716 730 nibil
736 670 876 739 dederat,
901 683 979 735 scuta

301 749 448 830 gladiique
465 749 667 829 adjiciebantur
684 770 692 808 t
713 768 906 827 equorumque
925 750 980 812 do·

302 828 404 889 mandi
419 848 519 921 greges
535 827 672 905 peditibus
690 827 826 890 distributi
843 841 978 901 sunt,·'ut

302 908 399 978 maior
406 908 524 983 pristino
535 924 606 968 esset
621 906 779 983 equitatus3
799 907 974 990 ingensque,

302 1003 336 1045 ut
346 985 518 1055 crediderat,
533 1005 623 1045 terror
633 985 773 1055 hostium,
785 986 911 1048 ducente
921 988 975 1051 ful·

301 1083 373 1126 eata
394 1065 555 1147 quadrigae,
576 1064 693 1124 unicum
711 1065 826 1125 illarum
844 1066 974 1146 gentium

301 1142 463 1212 auxilium,
480 1160 581 1205 secutae
591 1152 665 1204 sun't.
678 1144 722 1202 Ex
734 1164 847 1204 summo
859 1164 974 1214 temone

301 1222 387 1285 hasta
397 1223 514 1301 prefixae
523 1223 599 1283 ferro
610 1219 791 1284 eminebant:
805 1221 972 1301 utrimqued

302 1302 373 1383 jugo
395 1318 492 1363 ternos
512 1301 671 1363 direxerant
695 1300 804 1382 gladios
824 1324 833 1361 t
852 1318 880 1362 et
900 1302 974 1364 inter

301 1381 397 1441 radios
412 1400 540 1442 rotarum
557 1384 637 1459 plura
648 1380 754 1458 spinula
769 1380 931 1442 eminebant
942 1381 972 1441 in

301 1460 450 1521 adversum
460 1484 469 1520 r
481 1462 542 1519 aliae
553 1459 654 1520 deinde
668 1460 753 1521 falces
765 1460 882 1521 summis
893 1478 971 1522 rota*

300 1558 367 1600 rum
384 1539 499 1601 orbibus
516 1538 677 1612 haerebanta
696 1549 725 1600 e‘t
741 1539 801 1599 aliae
824 1539 853 1597 in
867 1551 971 1602 teriam

300 1617 437 1688 dimissa,
454 1618 586 1695 quidquid
600 1619 719 1679 obvium
731 1616 883 1677 concitatis
893 1618 971 1697 equis

298 1695 418 1768 suisset,
435 1716 631 1776 amputatura.
649 1695 718 1757 Hoc
732 1696 820 1758 modo
834 1696 971 1762 instructo

300 1776 426 1837 exercitu
447 1798 480 1837 ae
501 1794 684 1854 perarmato,
706 1776 851 1851 Babylone
874 1776 972 1853 copias

301 1855 406 1915 movit.
424 1858 539 1932 Aparte
549 1857 646 1916 dextra
661 1869 721 1932 erat
733 1855 847 1936 Tigris,
867 1856 971 1918 nobilis

298 1931 401 1995 fluvius
412 1956 422 2007 3
441 1935 542 1995 laevarn
557 1939 669 2016 tegebat
679 1933 833 2012 Euphrates
843 1953 852 1994 t
863 1949 969 2014 agmen

298 2013 517 2089 Mesopotamiae
541 2037 657 2092 campos
685 2015 861 2090 impleverat.
885 2014 969 2096 Tigri

297 2091 400 2153 deinde
411 2112 561 2170 superato,
581 2115 646 2154 curn
663 2093 801 2161 audisset,
818 2089 971 2170 iraud'pro-

299 2169 346 2229 tui
365 2170 462 2231 uberte
484 2169 614 2243 bostem
641 2172 820 2249 Satropatern
840 2170 970 2248 equiturn¹

297 2250 460 2326 praefectum
485 2259 562 2312 cum'
576 2253 658 2311 inille
683 2251 797 2312 deiectis
823 2251 966 2327 praemisit,

297 2330 411 2389 Mazaeo
433 2332 542 2407 praetori
562 2353 611 2391 sex
635 2327 725 2390 millia
747 2328 838 2396 data,
867 2329 983 2408 quibus,

296 2406 409 2468 hostem
422 2411 537 2471 transitu
545 2409 636 2469 amnis
647 2404 872 2468 arceret.Eidem
883 2427 967 2466 man-

296 2486 410 2555 datum,
424 2506 453 2548 ut
462 2488 617 2567 regionem,
631 2507 711 2566 quarn
718 2482 879 2546 Alexander
890 2498 966 2555 erret

296 2561 442 2634 aditurus,
457 2565 632 2647 popularetur
642 2584 723 2643 utque
734 2580 833 2624 ureret.
848 2560 966 2641 Quippe

296 2644 449 2715 credebat,
467 2647 564 2722 inopia
577 2644 711 2704 debellari
728 2655 809 2720 poste
824 2640 895 2700 nihil
910 2642 967 2706 ha-

295 2726 432 2792 bentem,
452 2726 505 2784 nisi
523 2724 598 2801 quod
616 2722 751 2801 rapiendo
770 2733 935 2795 occupasset
952 2743 978 2782 e·

293 2800 346 2878 ipsi
359 2821 454 2863 autern
464 2821 640 2863 commeatus
649 2803 699 2862 aiii
709 2820 780 2862 terra
791 2841 803 2868 ,
820 2799 868 2859 aiii
879 2799 967 2881 Tigri-

291 2901 379 2940 amne
401 2882 634 2943 subvehebantur.
653 2882 721 2947 Jam
740 2894 907 2958 pervenerat
924 2877 979 2942 ad·

291 2957 963 3031 Arbelavicum,n0bilemsuacladefacturae»

790 3056 816 3119 R
835 3055 867 3137 iij
