2625 4017
404 542 468 626 193
587 538 630 623 Q.
671 538 921 605 CUR'rH

404 665 519 726 mptum
529 662 606 713 erat,
619 643 744 705 confusis
750 643 901 719 utriusque
909 640 1010 721 gentis
1019 636 1092 705 vitilt

404 726 435 787 in
448 728 499 785 illo
515 725 651 786 convivio
664 722 825 784 osteudens.
840 724 993 783 Intererat
1003 725 1091 801 epulis

404 806 567 882 Dioxippus
587 802 789 868 Atheniensis,
809 802 895 882 pugil
913 802 1048 872 nobilis,
1064 821 1091 864 et

405 887 444 944 ob
458 884 593 944 eximiam
606 882 741 942 virtutem
751 880 857 940 vitium
868 882 937 972 regi
954 900 1091 959 pernotus

405 983 436 1026 et
455 981 559 1043 gratus.
584 960 676 1021 Invidi
696 959 872 1039 malignique
901 962 1089 1039 increpabant

405 1064 456 1123 per
467 1043 538 1101 seria
552 1058 578 1099 et
591 1040 708 1105 ludum,
723 1037 850 1116 saginati
866 1038 999 1117 corporis
1016 1036 1089 1119 sequi

404 1119 532 1183 inutilem
541 1116 669 1179 belluam.
681 1116 748 1177 Cum
758 1115 813 1196 ipsi
820 1116 958 1196 prelium
967 1116 1088 1188 inirent,

404 1200 464 1266 oleo
486 1196 638 1262 madentem
655 1214 809 1276 preparare
835 1215 967 1257 uentrem
991 1195 1090 1262 tulis.

405 1279 513 1341 Eadem
523 1277 610 1358 igitur
624 1277 653 1335 in
668 1276 804 1336 convivio
818 1273 970 1338 Hortatas
1042 1296 1088 1337 ce·

404 1360 444 1420 do
466 1359 522 1436 jam
543 1356 714 1416 temulentus
735 1356 912 1430 exprobrare
931 1356 962 1416 ei
983 1355 1089 1433 coepitt

404 1457 434 1501 et
452 1436 615 1514 postulate,
634 1452 664 1491 ut
683 1432 709 1492 si
728 1433 772 1494 uir
789 1450 889 1502 esset,
910 1452 1029 1515 postero
1048 1431 1088 1493 die

405 1536 496 1578 recum
505 1512 583 1590 ferro
601 1510 760 1574 decerneret
777 1538 786 1571 :
801 1532 831 1573 re
853 1532 898 1571 em
913 1512 1032 1573 tandem
1050 1506 1090 1573 vel

405 1594 441 1660 de
452 1616 503 1657 sua
514 1591 690 1659 temeritate,
708 1589 752 1651 vel
764 1590 797 1650 de
809 1531 890 1649 illim
908 1591 1033 1671 ignavia
1043 1593 1089 1669 ju·

405 1674 573 1741 dicaturum.
591 1671 627 1731 Et
642 1670 818 1747 aDioxippo
836 1671 1021 1733 contemtim
1037 1672 1089 1736 mit

403 1756 518 1816 litarem
529 1750 660 1811 eludente
672 1749 808 1810 ferociam
823 1770 946 1827 accepta
958 1750 1087 1812 conditio

405 1850 457 1897 est.
474 1832 519 1893 Ac
529 1850 643 1907 postero
655 1829 700 1893 die
716 1849 788 1897 rex,
808 1849 876 1888 cum
889 1830 986 1890 etiarn
998 1831 1088 1892 acrius

403 1931 549 1980 certamen
565 1928 768 1986 exposcerent,
787 1907 855 1986 quia
866 1908 1019 1970 deterrere
1031 1926 1088 1968 non

404 2008 535 2069 poterat,
549 1988 684 2047 destinata
695 1987 794 2064 exequi
803 2008 900 2064 passus
915 2006 971 2049 est.
985 1989 1088 2071 Ingent

404 2072 453 2135 hic
465 2070 588 2130 militum
600 2108 610 2136 ‚
632 2067 705 2126 inter
717 2089 787 2144 quos
803 2068 884 2132 erant
896 2065 1024 2139 Greci,
1060 2065 1089 2128 ui

403 2149 555 2226 Dioxippo
565 2147 1007 2215 studebant,e0nveneratmulti
1059 2167 1089 2210 o·

404 2230 528 2293 Macedo
547 2228 617 2303 justa
632 2248 711 2285 arma
724 2243 880 2296 sumserat3
899 2247 1014 2286 aereum
1028 2227 1089 2304 ely.-

403 2329 515 2389 peum,
539 2305 668 2373 hastam,
693 2326 778 2382 quam
796 2303 936 2364 striatam
957 2325 1068 2366 vocant
1076 2347 1087 2374 ,

284 2373 331 2468 ’χι
382 2391 475 2456 aleva
497 2406 617 2451 tenens,
640 2385 736 2445 dextra
758 2386 911 2462 lanceam:
927 2385 1087 2465 gladioque

294 2490 300 2502 ¹
321 2493 336 2520 ι·
392 2459 530 2536 “cinctum
551 2464 629 2525 uelat
639 2484 707 2527 ,cum
717 2462 842 2540 pluribus
856 2462 948 2527 simul
963 2464 1090 2526 dimica·

405 2566 492 2609 turus.
502 2543 663 2620 Dioxippus
675 2544 742 2602 oleo
752 2542 842 2601 nitens
851 2580 861 2607 ,
870 2551 902 2602 et
912 2564 1086 2614 coronatus,

402 2630 472 2687 laeua
486 2624 637 2701 puniceum
650 2622 825 2689 anticulum,
841 2619 945 2682 dextra
955 2624 1088 2683 validum

403 2706 600 2777 nodosumque
619 2702 741 2791 stipitem
760 2699 935 2776 praeferebat.
960 2701 1005 2761 Ea
1027 2704 1087 2780 ipse

403 2805 449 2849 res
477 2782 607 2842 omnium
635 2801 746 2839 animes
778 2781 993 2856 exspectatione
1026 2804 1087 2841 sus*
1130 2783 1131 2878 l

403 2864 536 2945 penderat
558 2859 567 2918 ἕ
593 2859 695 2949 quippe
723 2876 832 2919 armato
861 2859 1004 2939 congredi
1029 2882 1087 2920 nu-

400 2945 493 3020 dum,
508 2940 652 3009 ,dementat
671 2959 732 3005 aon
752 2938 895 3002 temeritas
916 2939 1087 3012 videbatur,
1130 2955 1131 2987 1

991 3038 1086 3135 teitu
