2625 4017
484 573 680 649 LIBER
718 576 843 643 Vilia
942 587 1004 674 ’ψ’

315 677 570 746 solis-exaestuant
581 721 592 750 ,
616 679 729 740 Indiam
751 678 830 758 nives
852 682 1002 748 obruant:

324 777 473 838 rursusque
487 760 535 821 ubi
548 780 640 821 cetera
652 760 760 839 rigent,
774 758 834 836 illic
847 758 1005 835 intoleran-

325 843 378 902 dus
390 859 468 901 :estus
483 839 593 901 eicistat.
609 840 674 899 Nec
690 860 762 906 cur,
780 838 833 897 ulli
850 860 878 898 se
896 858 1003 900 naturae

325 941 413 982 causa
433 920 559 999 ingessit.
573 921 654 979 Mare
674 936 770 986 certe,
790 940 848 995 quo
866 919 1001 988 alluitur,

324 1022 363 1059 ne
384 1002 484 1059 colore
504 1000 619 1076 quidem
637 996 770 1057 abhorret
787 1019 804 1057 a
822 998 932 1059 ceteris.
953 999 1001 1059 Ab

323 1079 446 1155 Erythra
459 1079 538 1159 Rege
551 1078 673 1139 inditum
687 1094 728 1136 est
743 1097 871 1140 nument
882 1097 1000 1156 propter
1012 1089 1016 1095 '

323 1157 403 1235 quod
424 1158 513 1238 ignari
534 1156 634 1218 rubere
656 1168 741 1233 aquas
758 1157 886 1217 credunt.
909 1155 1001 1219 Terra

310 1237 378 1308 ‚lini
388 1238 467 1297 ferax
479 1259 488 1309 3
509 1238 583 1297 unde
595 1238 735 1313 plerisque
749 1256 814 1295 sunt
823 1254 928 1299 vestes.
948 1235 1002 1297 Li-

323 1318 368 1378 bri
378 1320 511 1376 arborum
522 1316 627 1384 teneri,
642 1314 715 1375 haud
727 1335 805 1376 secus
817 1337 903 1393 quam
915 1313 998 1378 chai-

324 1415 359 1457 tae
375 1397 522 1455 literarum
535 1398 618 1454 notas
636 1398 764 1472 capiunta
784 1393 862 1455 Aves
875 1395 908 1455 ad
926 1393 998 1456 imi-

324 1475 443 1536 tandum
454 1475 584 1535 humanae
592 1475 672 1536 vocis
687 1495 790 1533 sonum
802 1474 909 1535 dociles
925 1494 1001 1545 sunt.

323 1555 472 1615 Animalia
493 1555 623 1614 inusitata
645 1555 745 1613 ceteris
764 1554 914 1632 gentibus,
944 1555 999 1616 nisi

323 1634 451 1696 invecta.
463 1633 570 1692 Eadem
587 1651 701 1692 terraer
717 1631 912 1693 rhinocerotas
927 1632 999 1703 alit,

322 1731 521 1794 nongenerat.
542 1711 767 1788 Elephantorum¹
777 1712 871 1790 major
880 1731 922 1772 est
931 1714 997 1783 vis,

322 1814 413 1871 quam
425 1813 496 1869 quos
514 1792 544 1850 in
557 1791 655 1851 Africa
671 1792 812 1854 domitant
823 1814 840 1872 ;Ι
852 1808 880 1853 et
892 1791 998 1855 viribus

322 1873 492 1954 magnitudo
510 1871 669 1949 respondet.
683 1873 795 1932 Aurum
812 1867 930 1934 flumina
946 1894 997 1934 ve-

322 1951 423 2021 hunt,
450 1975 509 2030 quae
527 1953 586 2011 leni
605 1951 778 2029 modicoque
797 1950 997 2033 lapsu-segnes

320 2031 997 2110 aquasducunt.Gemmasmargaritasquemate

322 2113 466 2173 littoribus
483 2112 614 2173 infundit.
636 2110 739 2185 Neque
756 2110 811 2169 alia
827 2109 883 2169 illis
901 2111 997 2177 maior

322 2190 476 2267 opulentiae
491 2212 573 2249 causa
588 2207 652 2248 est:
671 2190 767 2266 utique
783 2208 932 2265 postquam
950 2190 995 2249 vi-

321 2272 431 2330 tiorum
441 2270 658 2328 -commercium
673 2269 824 2346 vulgavere
840 2270 870 2327 in
887 2285 997 2330 exterat

321 2367 423 2431 gentes
434 2372 442 2408 ε
455 2347 557 2424 quippe
568 2346 739 2408 aestimantur
750 2363 936 2426 purgamenta
947 2368 996 2408 aes-

321 2429 427 2489 tuantis
439 2427 501 2487 lreti
514 2427 626 2503 pretio,
645 2427 720 2504 quod
734 2424 823 2485 libido
836 2426 993 2487 constituit.

319 2509 440 2587 ingenia
452 2506 603 2570 hominum
615 2506 688 2565 sicut
696 2507 799 2583 ubique
813 2544 823 2573 ‚
841 2504 917 2582 apud
927 2505 994 2567 illos

321 2590 456 2648 locorum
468 2606 581 2663 quoque
593 2586 660 2645 sirus
670 2585 784 2654 formas
799 2582 930 2663 Corpora
942 2608 993 2648 us-

322 2687 377 2745 que
398 2666 481 2743 pedes
500 2668 616 2726 carbaso
637 2666 759 2726 velant:
778 2664 861 2725 soleis
880 2666 994 2741 pedes,

321 2746 416 2822 capita
434 2745 528 2805 linteis
546 2746 685 2806 vinciunt.
694 2744 804 2825 ,Lapilli
824 2762 861 2804 ex
882 2746 995 2820 auribus

321 2826 445 2905 pendent
457 2847 467 2897 ;
488 2824 602 2885 brachia
613 2846 726 2902 quoque
743 2844 772 2885 et
783 2824 905 2884 lacertos
921 2843 993 2902 auro

319 2906 438 2975 colunt,
452 2905 631 2982 quibusinter
641 2906 791 2984 populares
801 2904 993 2965 autnobilitas

318 3003 447 3066 aucupes
454 2985 595 3056 enarrent.
604 2984 752 3069 Capillum
756 2981 995 3071 pectuntsaepiua,

776 3084 808 3148 O
829 3106 848 3147 o
866 3082 901 3169 iij
