2625 4017
295 572 351 646 aas
473 568 517 650 Q.
556 568 794 631 currrr

207 728 210 734 .
261 674 262 677 ’
293 695 416 754 quorum
426 672 566 751 equitibus
581 670 698 753 singulis
707 668 889 730 denariorum
902 691 969 735 sena

294 755 386 817 millia
409 753 488 813 dono
511 751 635 814 dederat.
653 750 722 827 Ipsis
742 768 855 827 quoque
879 750 967 813 finem

293 834 402 896 militiae
412 833 507 893 adesse
517 830 679 893 credebant.
695 828 968 909 Haudsecusqunm

294 934 346 995 par
361 930 422 973 erat
436 911 547 971 territus
561 908 743 977 Alexander,
761 909 809 985 qui
823 907 911 969 Indos
926 930 970 977 at·

294 1013 349 1071 que
369 991 470 1051 ultima
487 988 615 1050 Orientis
631 1008 780 1068 peragrate
799 990 938 1050 statuisset
957 1028 968 1060 ‚

314 1071 439 1132 refectos
458 1069 605 1147 copiatum
622 1068 652 1126 in
669 1066 832 1145 praetorium
850 1087 968 1128 eontra-

293 1092 357 1213 iias
372 1147 533 1226 obortisque
543 1147 695 1224 lacrymis,
718 1166 754 1206 eu
767 1143 855 1206 media
863 1144 969 1226 gloria

293 1227 385 1311 spatio
397 1226 521 1289 macari
531 1246 585 1295 se,
603 1224 674 1285 uicti
683 1224 797 1304 magis,
812 1244 893 1303 quarn
905 1224 969 1309 uic-⁴

294 1308 367 1371 raris
378 1304 524 1383 fortunam
542 1304 574 1364 in
587 1303 710 1383 patriam
728 1301 876 1364 relatarum
893 1326 969 1366 con·

294 1405 406 1467 questus
431 1403 485 1447 est.
516 1382 581 1445 Nec
602 1382 657 1442 sim·
679 1381 823 1461 ignaviam
848 1382 970 1444 militurn

295 1465 403 1527 obstare
414 1502 425 1534 ,
437 1461 489 1523 sed
498 1461 624 1524 Deorum
639 1461 775 1521 inuidiam
788 1482 801 1532 ,·
816 1460 972 1539 quifortin

295 1543 377 1607 simis
395 1541 466 1604 uicis
482 1540 602 1603 subitum
618 1540 715 1620 patriae
730 1538 898 1601 desiderium
914 1540 974 1603 ael--

296 1624 469 1690 movissent,
487 1619 642 1702 paulopost
652 1619 682 1680 in
698 1619 821 1681 eamdem
836 1640 899 1680 cum
910 1640 973 1681 maa

291 1703 352 1784 jare
362 1700 441 1763 laude
444 1698 576 1778 famaque
586 1698 731 1762 redituris.
744 1698 822 1759 Turn
831 1719 904 1761 vero
915 1720 970 1778 pro

294 1802 325 1844 se
336 1785 451 1859 quisque
461 1800 567 1860 operam
576 1800 654 1839 suam
664 1776 763 1839 offerre
775 1801 786 1838 a
799 1776 969 1841 difficillima

296 1882 412 1939 queque
425 1879 563 1936 poscere3
581 1858 711 1933 polliceri
730 1856 849 1917 militurn
866 1878 971 1938 quoque

296 1937 475 2006 obseouium,
495 1936 522 1995 si
540 1935 648 1996 animas
666 1956 755 1997 earum
777 1935 833 1996 leni
851 1954 883 1996 er
900 1956 971 2019 apta

261 2069 263 2073 .
297 2016 423 2079 oratione
447 2014 618 2095 permulcere
641 2015 787 2077 uoluisset.
816 2014 971 2095 Nunquam

296 2093 433 2171 infractos
455 2112 482 2154 et
505 2093 627 2173 adjectos
649 2094 831 2163 recessisse,
860 2095 970 2175 quaties

295 2175 307 2237 i
326 2174 386 2234 sius
410 2172 583 2235 alacritatem
604 2191 632 2233 er
653 2173 725 2235 tanti
743 2173 830 2234 animi
851 2173 970 2253 spiritus

295 2195 406 2315 diurne
426 2253 594 2335 patuissent.
620 2250 666 2313 Ita
691 2251 880 2328 refecturum
904 2255 972 2319 esse

294 2334 450 2410 respondit.
468 2330 515 2393 Illi
533 2330 610 2413 vulgi
629 2352 710 2393 aures
723 2349 879 2412 preparent
897 2331 971 2397 sidia

295 2411 422 2491 Satisque
434 2411 588 2481 omnibus,
609 2414 716 2490 quaein.
726 2412 787 2471 re'm
801 2411 971 2474 videbantun

294 2510 381 2562 esse,
408 2491 595 2569 compositis3
623 2490 717 2552 uacari
745 2487 781 2550 nd
808 2490 970 2556 concionem

295 2568 553 2649 exereitumjussit,
576 2570 650 2650 apud
659 2592 746 2650 quern
756 2571 845 2632 talem
856 2568 970 2634 oratio&

293 2668 362 2711 uem
382 2650 490 2713 habuit.
831 2698 833 2703 Α

297 2756 308 2768 „
334 2727 425 2791 Car.
444 2730 511 2792 lll.
526 2727 754 2811 Magnitudinem
770 2747 878 2800 rerum,
894 2749 972 2810 quas·

291 2807 454 2887 gessimus,
472 2807 576 2870 milites
587 2848 597 2879 ,
610 2807 780 2869 intuentihus
794 2806 872 2869 trahis
885 2849 896 2878 ,
910 2810 971 2869 min

294 2886 369 2946 aime
380 2887 478 2952 mirum
490 2904 555 2957 est,
570 2906 605 2947 er
616 2886 785 2947 desiderium
795 2885 917 2965 quietis,
938 2905 972 2948 ee

293 2957 565 3047 auiuaem'glarr‘s'e
572 2985 727 3033 rewers.
738 2965 781 3032 Ue
789 2965 916 3042 amintam
925 2964 970 3027 ils
