2625 4017
317 538 366 593 tn
402 535 439 596 Q.
475 536 683 592 cuntium
716 538 745 590 i.
778 542 799 595 r.
868 555 905 604 ,μ

239 625 360 675 materista
368 637 569 688 perpetraverat,
585 638 701 687 tunquam
709 626 810 678 salutare
818 627 904 689 sidus,

241 690 411 756 componendis
426 689 504 739 tantis
523 689 640 740 fluctibus
656 693 816 755 tempestivus
831 696 904 746 afful-

239 760 274 810 sit.
288 759 389 824 Quippe
404 755 497 807 erectis
510 754 535 805 in
545 774 613 821 spern
630 757 903 816 libertatisGrreeorutn

239 828 332 885 animm,
349 842 414 891 quos
428 824 558 887 Philippus
573 841 728 889 oppresserat
742 864 750 886 ,
765 845 791 879 et
809 832 903 880 tumul,

238 895 355 945 mantibus
364 893 391 942 in
401 890 496 948 vicinia
504 891 628 950 barbaris,
646 909 676 954 ne
685 896 833 946 Macedoniae
846 897 902 962 qui.

239 964 285 1011 dtm
293 959 438 1025 tranquillae
447 976 485 1008 res
498 973 576 1009 erant.
586 960 689 1012 Attalus
697 961 759 1012 haud
772 963 904 1040 spernendi

239 1028 353 1086 exercitus
363 1043 475 1091 pretor,
491 1024 624 1075 ambitioso
638 1026 741 1091 imperio
755 1047 841 1081 mirum
854 1029 904 1086 sibi

238 1100 340 1147 furorem
366 1095 435 1159 apud
458 1092 567 1143 militum
590 1094 679 1159 vulgus
703 1096 904 1152 conciliaverat:

239 1163 385 1229 principibus
401 1161 569 1211 Macedonum
586 1160 769 1227 propinquitate
785 1163 905 1224 innexus,

240 1231 302 1282 triam
312 1228 426 1281 Philone
441 1244 553 1277 sororem
569 1227 615 1278 sibi
631 1230 813 1292 desponderat:
828 1246 907 1295 neque

240 1314 288 1361 post
301 1313 387 1348 tantas
407 1294 534 1361 utrimque
547 1294 652 1345 offmsas
668 1296 749 1347 inviso
768 1298 908 1363 infestoque

240 1364 290 1416 fides
302 1362 392 1415 haberi
406 1377 519 1428 poterat.
531 1362 669 1430 Amyntas,
684 1381 754 1430 quern
763 1369 838 1416 fratre
849 1365 910 1415 Per·

241 1432 301 1483 dicea
314 1431 450 1500 genitum,
471 1430 527 1480 data
542 1427 568 1481 in
580 1429 763 1482 matrimonium
773 1435 840 1510 Cpna
849 1431 909 1482 Phi.

239 1500 312 1576 lippus
322 1514 447 1567 generum
460 1496 575 1563 legerat,
587 1500 617 1547 ad
628 1498 720 1562 paterni
734 1515 804 1565 regni
812 1516 909 1550 succes.-

243 1584 327 1619 nonem
344 1584 391 1632 pet
409 1563 549 1616 Alexandri
566 1566 655 1615 eedem
672 1566 801 1630 aspirabat.
816 1565 909 1631 Populi

243 1652 321 1701 magna
339 1650 401 1699 pars
417 1630 577 1699 Olympiadis
591 1632 744 1705 tyrannidem
756 1651 847 1693 erosa,
865 1633 908 1688 alii

245 1719 312 1753 rerum
321 1717 450 1752 novarum
459 1698 591 1762 cupidine,
603 1700 671 1750 varie
679 1700 704 1750 iu
713 1702 776 1751 hune
786 1716 828 1751 aut
836 1700 909 1752 illum

244 1769 392 1820 inclinabant
408 1765 516 1826 studiis.
536 1782 580 1816 nec
596 1768 697 1818 deerant
711 1767 753 1833 qui
769 1768 910 1822 Alexandro

196 1831 198 1848 '
247 1840 325 1907 AEtopt'
325 1839 387 1902 filio
395 1836 572 1887 restituendum
581 1836 687 1887 dicerent
690 1836 909 1906 fastigium‚quod

247 1908 333 1957 excluso
353 1904 469 1983 legitimo
488 1904 556 1968 regni
573 1902 670 1962 herede,
686 1902 807 1970 Amyntas
819 1904 909 1978 prius,

250 1972 321 2023 deinde
331 1971 556 2043 Philippustviae
564 1970 655 2032 fraude
670 1971 822 2022 invasissent.
838 1972 910 2021 Erer-

250 2038 303 2089 citus
319 2053 424 2103 quoque
439 2035 515 2086 uariis
530 2053 559 2085 ex
576 2034 716 2087 nationibus
733 2036 885 2100 compositus
901 2074 911 2099 ,

252 2121 273 2155 ut
280 2104 367 2170 cuique
375 2102 472 2160 animus
482 2118 522 2153 aut
536 2118 591 2180 spes
600 2119 668 2163 erat,
685 2104 839 2154 discordibus
852 2120 913 2155 con·

251 2169 303 2222 siliis
311 2188 337 2222 et
345 2168 502 2222 sermonibus
510 2171 657 2236 agitabatur.
670 2171 912 2223 ContraAlexandro

253 2235 335 2291 norum
352 2236 501 2306 imperium,
515 2255 542 2287 ac
558 2237 640 2288 subito
656 2237 766 2306 Philippi
780 2256 837 2289 casu
850 2238 913 2290 nihil

254 2309 360 2356 adsersus
376 2305 520 2369 ingruentes
543 2320 625 2355 motus
647 2306 774 2370 provisum
792 2322 845 2359 erat
862 2324 869 2357 e
887 2322 914 2357 et

252 2391 379 2439 quanquam
394 2370 489 2436 indolis
511 2371 575 2421 haud
588 2372 735 2437 poeniteret3
750 2388 805 2423 eras
818 2390 915 2437 sperne-

256 2440 325 2508 batur.
343 2438 445 2505 Viginti
457 2454 575 2502 annorum
591 2439 774 2500 adolescentem
788 2457 858 2492 tanta
873 2458 915 2502 re-

256 2523 299 2558 tum
313 2506 378 2572 moli
394 2506 510 2555 humeros
523 2506 705 2573 subjecturum
722 2503 794 2558 autsi
810 2507 916 2574 recepis-

257 2591 304 2638 set,
329 2590 417 2639 parem
434 2576 543 2634 fitrurutn
560 2589 612 2634 ¹nou
630 2573 817 2634 arbitrabantur.
835 2576 915 2644 Etiam

257 2658 335 2692 nervus
345 2642 509 2706 gerendarum
519 2655 599 2690 reruni
608 2642 711 2706 pecunia
720 2644 841 2704 defecerat
850 2659 858 2702 3
869 2660 916 2708 qua

257 2709 400 2759 abundantes
413 2708 493 2757 Persae
507 2706 538 2756 in‘
549 2725 648 2772 omnem
661 2712 712 2761 fere
726 2707 843 2768 Gratiam
859 2726 917 2761 eor·
933 2771 936 2778 Ι

256 2792 362 2841 ruptores
379 2775 499 2824 miserant
517 2792 524 2825 :
543 2790 569 2837 et
587 2792 617 2825 ne
635 2776 695 2841 quid
710 2777 784 2837 malis
801 2779 918 2837 deesset,

256 2842 402 2893 Macedonia
416 2840 541 2912 maritima
557 2840 631 2906 Tusci
651 2842 734 2907 pirate
747 2844 919 2907 depredaban-

254 2924 298 2961 tur.
309 2909 465 2961 Convocatis
480 2906 582 2968 amicis,
600 2926 655 2972 cum
669 2910 699 2959 de
714 2910 824 2977 presenti
838 2927 919 2976 rerum

253 2991 311 3041 uatu
331 2976 481 3044 deliberatio
495 2974 613 3042 instituta
626 2993 708 3051 etsets
724 2993 775 3044 nou
792 2979 922 3048 defuerunt
936 3049 939 3054 Ι
