2625 4017
402 539 595 604 tinen
633 515 765 609 vtr't.
863 550 922 621 tte

241 637 315 707 bant
324 642 447 705 mobiles
457 659 546 704 turres
558 683 568 712 ,
580 658 727 719 tantasque
740 642 833 704 moles
842 645 923 707 nulle

244 745 303 805 ope
329 746 389 803 quae
413 742 575 784 cerneretur
597 722 761 791 adductas,
788 722 923 790 Deorum¹

244 804 366 865 numine
375 804 421 886 agi
432 804 592 865 credebant.
604 798 671 860 Pila
681 821 783 881 quoque
793 801 922 876 muralia,

245 901 275 946 et
301 902 436 945 excussas
466 880 610 944 tormentis
644 900 799 960 pregraves
825 881 925 944 hastae

246 962 392 1045 negabant
404 962 549 1023 convenire
563 956 733 1019 mortalibus.
746 961 845 1040 Itaque
857 962 924 1030 des-¹

246 1062 347 1184 perata
366 1042 442 1104 urbis
463 1044 552 1103 tutela
573 1058 737 1102 concessere
759 1040 790 1100 in
814 1055 925 1114 arcem.'

263 1123 336 1192 nde,
347 1125 411 1201 quia
424 1120 494 1181 nihil
507 1122 623 1181 obsessis
635 1138 733 1198 praeter
747 1122 929 1192 deditionem,

246 1203 397 1281 placebat,
409 1202 495 1281 legati
506 1202 540 1260 ad
553 1220 649 1281 regem
661 1199 860 1263 descenderunt
871 1199 926 1263 ve-'

246 1282 327 1342 niam
339 1282 463 1359 petituri.
477 1278 543 1357 Qua
556 1280 728 1356 impetrata,
746 1283 843 1362 regina
854 1303 922 1343 cum

247 1380 359 1441 magno
378 1360 520 1419 nobilium
538 1358 708 1430 feminarum
727 1382 814 1444 grege
832 1360 924 1423 aureis

246 1440 352 1521 pateris
366 1441 432 1501 vina
442 1439 591 1500 libentium
602 1442 749 1516 processit.
761 1441 822 1520 lpsa
833 1440 923 1523 geni-¹,

247 1524 300 1596 bus
311 1519 382 1600 regis
395 1540 483 1598 parvo
493 1518 555 1578 filio
568 1519 709 1585 admoto,
731 1540 790 1579 non
803 1520 922 1585 veniam

246 1599 359 1666 modo,
380 1599 426 1658 sed
445 1599 532 1658 etiam
549 1597 670 1674 pristinae
687 1596 804 1659 fortunae
825 1601 923 1679 impet

247 1679 334 1740 travit
344 1679 438 1739 decus.
455 1677 572 1754 Quippe
589 1676 730 1753 appellata
746 1677 844 1757 regina
858 1685 923 1751 est}

247 1778 277 1821 er
297 1758 439 1819 credidere
460 1758 596 1832 quidam,
617 1754 679 1834 pltts
695 1753 819 1829 fortnae,
841 1777 923 1835 quam

245 1834 420 1914 miserationi
448 1834 554 1902 darum.
583 1833 678 1893 Puero
701 1856 814 1914 quoque
843 1854 921 1898 certe

245 1935 345 1997 postea
361 1934 602 1996 essetutrumque
618 1914 739 1998 genito,
758 1913 922 1986 Alexandro

243 1998 429 2060 fuitnomen.
519 1998 523 2005 '
557 1997 560 2006 '
625 2011 627 2015 ·
915 1995 928 2002 ”

287 2075 375 2137 Cn.
393 2075 455 2136 XI.
472 2073 550 2134 Hinc
567 2072 747 2151 Polypercon
767 2075 801 2134 ad
820 2077 928 2146 urbem

247 2153 342 2218 Oram
352 2176 419 2229 cum
435 2159 562 2213 exercitu
575 2152 675 2211 missus
694 2154 854 2232 inconditos
866 2175 925 2232 op-¹

246 2231 367 2315 pidnnos
393 2234 499 2311 prelio·
518 2226 588 2292 vicit
610 2254 619 2290 t
641 2231 713 2291 intra
743 2234 928 2300 munimenta'·

246 2312 413 2390 compulsos
432 2326 541 2371 secutus
559 2311 659 2369 urbem
674 2312 703 2370 in
721 2310 859 2371 ditionem
874 2333 922 2374 re-

247 2394 337 2475 degit.
351 2392 442 2452 Multa
455 2386 590 2471 ignobilia
604 2389 706 2466 oppida
717 2387 823 2450 deserta
835 2413 850 2450 a
866 2392 928 2464 snis'

248 2493 354 2551 venere
363 2472 393 2529 in
401 2469 474 2553 regis
483 2485 664 2548 potestatem.
675 2468 810 2554 Quorum
819 2472 922 2534 incolae

247 2552 350 2615 armati
371 2546 610 2629 petram'Aotnort
629 2550 748 2617 nomine
761 2551 925 2629 occupate}

248 2651 326 2695 runt.
347 2630 433 2711 Hanc
456 2627 489 2687 ab
509 2626 630 2694 Hercule
645 2626 758 2705 frustm
780 2627 923 2695 obsessam

250 2731 314 2773 esse
326 2738 334 2773 :
346 2727 481 2792 terraeque
489 2707 561 2768 tt'tottt
571 2727 694 2784 coactum
703 2708 837 2774 adsistere
843 2712 923 2778 fama

249 2792 426 2874 vulgaverat
442 2789 562 2866 inopem
578 2790 692 2849 consilii
702 2789 920 2874 Alexandrum,

251 2873 317 2954 q'uia
326 2871 449 2946 undique
462 2889 582 2945 praeceps
591 2871 743 2947 erabrupta
756 2891 919 2952 rupesernt,
966 2923 976 2936 s

248 2949 926 3054 peniorpuidamperituslocorum,cumduobpg
