2625 4017
474 560 666 627 LIBER
704 560 828 627 VIII.
924 571 990 635 4312

313 684 379 733 rare
389 663 547 747 potuimus,
566 680 710 745 antequam
727 683 777 723 nas
791 658 919 723 barbaris
935 658 987 721 tie·

314 745 419 816 deses,
444 763 472 805 et
493 764 562 804 nora
584 762 656 802 mare
678 741 798 804 uictores
821 740 871 801 sub
890 741 990 820 p'ugum

314 825 455 886 mitteres.
471 820 625 884 Persarum
644 838 673 881 te
690 820 779 883 uestis
791 837 819 881 et
837 818 990 906 discipiina

315 901 460 964 deiectat.-
488 902 577 963 atrias
585 920 673 961 mores
682 921 783 962 exosus
792 896 990 963 es.Persarum

315 1002 381 1061 erga
391 1002 446 1041 non
496 980 645 1041 acedonum
656 999 749 1059 regem
761 979 884 1040 accidere
896 975 998 1039 volui·'

316 1079 401 1132 mus;
419 1078 446 1120 ee
455 1058 492 1120 'te
504 1057 680 1138 transfugam
697 1057 763 1119 beili
770 1064 832 1138 jure
846 1054 991 1139 persequi-

316 1161 386 1201 mur.
398 1138 440 1200 Tu
451 1137 625 1200 Macedonas
636 1136 751 1198 valuisti
765 1158 858 1217 genua
872 1137 923 1198 tibi
958 1155 991 1195 a·

316 1240 400 1288 nere,
420 1218 597 1297 venerarique
610 1235 638 1277 te
652 1236 682 1276 ut
692 1215 810 1278 Deum:
827 1216 869 1278 Tu
881 1155 993 1295 PntIip·

314 1318 379 1380 pum
395 1316 503 1377 patrem
523 1295 688 1365 aversaris,
707 1312 735 1356 et
756 1295 781 1356 si
796 1295 857 1374 qais
868 1294 995 1357 Deorum

316 1395 382 1438 ante
395 1376 493 1439 Jovem
504 1374 667 1445 haberetur,
678 1372 833 1451 fastidires
847 1374 931 1435 etiam
939 1372 994 1437 Ja-

316 1477 389 1519 vem.
409 1454 533 1516 Miraris
552 1474 579 1515 st
597 1453 676 1515 libers
695 1451 819 1514 homines
838 1452 993 1535 superbiam

316 1554 392 1598 tuam
402 1532 482 1610 ferre
496 1556 551 1595 nan
566 1534 736 1623 ppssumus?
756 1528 835 1623 Quid
884 1551 993 1593 eramus

317 1636 354 1677 ex
364 1613 516 1693 te,quiius
526 1632 573 1672 aut
582 1611 739 1671 insontibus
751 1631 853 1671 morien
874 1632 918 1671 um
927 1627 993 1683 est‚·

273 1729 277 1737 .
317 1692 458 1772 estquod
483 1690 593 1753 tristius
615 1707 700 1750 morte
720 1707 786 1759 est,
810 1690 840 1750 in
860 1688 993 1751 servitute

316 1770 484 1836 uiuendum?
502 1770 544 1831 Tu
556 1768 664 1847 quidem
676 1808 686 1839 ‚
705 1767 732 1828 si
743 1767 881 1830 emendari
891 1787 993 1849 pates,

318 1850 432 1913 muitum
448 1849 515 1911 mihi
527 1847 622 1911 debes.
641 1845 689 1909 Ex
702 1868 744 1909 sne
759 1848 832 1908 enim
849 1846 924 1910 seire
939 1868 998 1909 aa·

313 1930 409 2013 pisti,
430 1930 499 2010 quod
511 1928 624 2009 ingenui
636 1926 842 2004 nominesferre
858 1947 912 1989 nan
926 1947 995 2009 pas·

318 2029 395 2073 sunt.
409 2009 457 2071 De
475 2028 563 2071 cetero
576 2028 686 2100 parce,
706 2027 819 2087 quarum
837 2005 928 2068 orbam
944 2027 994 2067 se-

317 2107 456 2151 nectutem
469 2087 615 2169 suppliciis
626 2107 661 2147 ne
673 2086 841 2149 oneraveris.
855 2086 920 2147 Nos
928 2084 997 2165 jube

317 2168 384 2230 duci
401 2208 411 2239 ,
434 2185 464 2227 ut
481 2165 551 2245 ‹puod
571 2186 608 2227 eta
626 2184 674 2226 tua
692 2183 776 2226 morte
796 2164 995 2243 petieramus,

317 2266 514 2325 consequamur
525 2266 562 2305 ex
572 2262 681 2308 nostra.
694 2245 765 2305 Haec
775 2244 964 2307 Hermolaus.

360 2326 453 2389 Car.
465 2325 569 2389 VIII.
581 2325 621 2385 At
632 2344 683 2383 rex
694 2347 703 2384 ι
716 2318 810 2402 Quam
814 2321 895 2398 falsa
912 2322 997 2393 sint,

319 2407 412 2485 inquit
424 2445 435 2475 ,
450 2425 508 2482 qua
522 2402 576 2463 iste
591 2401 696 2463 tradita
707 2424 724 2461 a
735 2402 869 2481 magistro
881 2422 929 2462 suo
948 2399 996 2460 di-

318 2486 390 2555 xit,
416 2481 554 2564 patientia
578 2504 639 2543 mea
666 2478 803 2543 ostenden
832 2478 998 2556 Confessum

322 2565 396 2626 enirn
412 2562 536 2622 ultimum
550 2560 691 2639 facinus,
712 2577 803 2620 tamen
819 2578 850 2619 ut
866 2579 916 2621 aas
932 2578 999 2637 pua·

320 2664 393 2724 que,
415 2640 566 2702 nonsolam
576 2642 656 2723 ipse,
673 2638 830 2709 audiretis,
847 2659 882 2700 ex
914 2636 998 2709 essi,·

320 2744 376 2784 nan
394 2720 572 2812 imprudens,
591 2742 652 2782 cum
664 2717 858 2801 permisissem
891 2715 935 2778 uie
952 2714 999 2776 ia·

321 2802 393 2863 ttoni
408 2799 520 2871 dicere,
541 2822 652 2863 usurum
666 2820 727 2859 eum
740 2796 840 2868 rabie,
857 2815 1000 2876 quaeam-

316 2881 415 2963 pulsus
433 2899 498 2951 est,
514 2899 621 2952 utne,
636 2876 853 2960 quemparentis
869 2874 929 2935 loca
946 2894 996 2935 ca·

320 2959 377 3022 iere
387 2958 486 3033 debet,
502 2958 586 3023 nester
599 2957 737 3023 accidere.
750 2955 850 3041 Nuper
864 2974 925 3018 cum
932 2972 999 3037 pra·
