2625 4017
440 487 630 603 staur
679 537 752 604 vr
875 561 930 622 ,η

262 639 343 722 equis
362 639 463 720 a'pen’t.
482 640 551 702 lude
571 658 703 710 torrens,
727 656 758 703 et
777 658 935 718 saxorum,

262 727 315 803 per
333 720 554 800 quaincurrit,
578 721 727 798 asperitate
746 719 932 792 violentior,

261 818 369 864 terram
387 819 508 879 pruceps
524 802 608 863 subit.
624 800 680 860 Per
690 819 745 861 ccc
755 798 842 860 stadia
861 820 935 860 corre

263 882 338 943 ditus
348 880 452 941 labitur
464 900 473 940 s
488 885 635 959 rursusque
645 880 724 940 velut
734 899 770 939 ex
782 878 842 939 alio
852 880 933 942 fonte

262 979 419 1038 conceptus
439 959 553 1029 editur,
575 977 605 1021 et
621 979 732 1019 novum
751 959 866 1019 alveum
885 961 935 1021 itt-
1001 992 1004 997 ·

249 1037 376 1113 'tendit;
393 1038 488 1117 priore
498 1038 540 1100 sui
553 1059 632 1117 parte
643 1037 803 1115 spatiosior.
818 1036 935 1118 Quippe

263 1121 296 1181 in
309 1118 488 1180 latitudinem
503 1136 568 1177 xm
581 1118 734 1178 stadiorum
748 1115 936 1184 diffiruditurs

263 1219 411 1277 rursusque
423 1196 630 1278 angustioribus
647 1198 787 1257 coercitus
799 1197 866 1275 ripis
881 1198 936 1262 iter

264 1278 365 1369 cogit3
387 1276 502 1338 tandem
514 1278 544 1335 in
562 1276 684 1337 alterurn
701 1295 819 1337 amnem
835 1277 937 1350 cadit,

263 1378 311 1419 sus
320 1353 451 1437 Rhidrgo
458 1375 566 1417 nornen
573 1374 625 1418 est.
634 1355 740 1415 Incolae
747 1352 937 1430 affirmabant,

263 1453 436 1516 quatuorque
455 1434 575 1495 dimissa
596 1451 690 1495 essem
709 1432 741 1496 in
762 1453 934 1509 ravanam,

263 1533 325 1595 que
334 1513 447 1605 propior
458 1530 503 1575 err
514 1511 590 1591 fonti
602 1554 617 1596 ,Ι
632 1531 732 1575 rursus
749 1511 796 1573 uii
814 1512 893 1575 aliud
904 1523 957 1578 ot·

263 1611 358 1656 amous.
368 1592 477 1675 aperit,
494 1592 629 1654 existere.
641 1593 739 1670 Itaque
749 1592 937 1664 Alexander,

264 1670 339 1733 duos'
355 1691 474 1741 tauros,
496 1675 550 1750 qud
572 1669 689 1731 subeunt
711 1690 789 1751 aquo
809 1686 940 1745 terram,
988 1698 991 1704 ·

262 1750 433 1833 proecipr'rari
454 1750 552 1828 jubet,
572 1769 697 1830 quorum
718 1769 860 1829 corpora,
886 1751 939 1816 ubi

265 1851 357 1892 rursus
365 1831 511 1909 erumpit,
531 1831 647 1908 expulsa
659 1828 777 1900 videre,
795 1829 843 1908 qui
859 1830 941 1896 missi

266 1927 368 1981 erant,
391 1907 608 1987 utexcipereur.
628 1907 773 1987 Quartum
785 1908 843 1989 jam
859 1912 938 1976 diem

265 1988 371 2050 eodem
388 1990 458 2058 loco
475 1989 699 2067 quistemmiliti
715 1989 849 2064 dederat,
867 2009 937 2056 cunr

264 2069 361 2130 literas
373 2068 566 2138 Nabarzanis,
579 2068 628 2147 qui
639 2068 762 2129 Darium
772 2089 839 2129 curn
849 2072 938 2134 Besso

266 2148 476 2228 interceperat,
497 2148 625 2238 accipit3
647 2167 767 2224 quarum
798 2150 940 2212 sententia

267 2225 328 2306 iure
341 2245 424 2288 erat:
444 2224 482 2287 Se
492 2224 585 2288 Dario
602 2245 656 2285 uon
664 2224 759 2300 fuisse
771 2223 940 2300 inimicum

265 2306 350 2370 immo
362 2304 446 2366 eriam
456 2325 515 2384 quoe
525 2302 695 2366 credidisset
705 2301 787 2364 utilia
799 2323 861 2365 esse
870 2325 939 2367 sua·

265 2383 344 2446 sisse
354 2410 365 2446 .-
377 2384 476 2463 etquia
475 2380 721 2464 fidelecousiiium
727 2380 787 2463 regi
796 2381 943 2458 dedisset,

264 2484 352 2546 prope
374 2463 497 2524 occisum
514 2461 549 2523 ab
570 2482 613 2525 eo.
631 2458 769 2541 Agitasse
785 2459 940 2537 Durum,

268 2541 464 2603 eurorismco
516 2541 559 2603 ris
569 2539 636 2611 sui,
658 2556 755 2600 contro
759 2540 808 2620 jur
812 2539 917 2623 fasque
924 2567 939 2616 .-

266 2622 418 2704 peregrino
432 2620 470 2681 mi
482 2620 517 2681 iti
533 2618 663 2689 audere,
684 2616 816 2680 damnato
825 2620 945 2702 populas,

268 2699 341 2763 rium
355 2698 442 2778 fide,
457 2719 538 2779 quoru
554 2718 606 2781 per
623 2695 756 2759 ducentos
775 2715 804 2760 et
820 2698 940 2781 triginta·

269 2797 359 2841 aoros
366 2777 528 2841 inviolatum
536 2776 648 2858 regibus
657 2775 720 2837 suis
726 2776 944 2857 proefflrisserrrs

269 2856 309 2920 Se
320 2858 351 2920 iu
359 2856 497 2941 precipiti
508 2875 537 2917 er
548 2855 652 2918 hairico
663 2872 784 2943 stantem
794 2855 941 2920 constitui

269 2958 290 3000 ι
307 2937 441 3021 presenti
462 2935 631 3001 securitate
650 2951 797 3019 repetisse.
816 2936 942 3004 Dariu'n
