2625 4017
429 587 432 594 '
453 577 479 643 L
499 583 512 644 1
530 583 554 643 Β
572 582 641 643 ER
690 581 704 642 l
722 579 763 646 V.
887 600 943 654 ιη

272 678 379 742 rimam
398 696 504 743 turrem
520 682 666 751 ascendit,
689 677 798 772 ingenti
816 679 916 742 animo
929 721 943 750 ,

271 762 405 840 periculo
421 764 543 837 majore.
562 760 678 839 Quippe
694 780 773 842 regno
791 760 894 843 insigni
912 777 944 822 et

263 840 362 900 -armis
371 841 542 922 fulgentibus
552 840 739 918 conspicuus,
759 861 831 901 unus
840 838 941 919 praci-

270 939 329 997 pue
342 919 407 980 telis
420 922 575 996 petebatur.
586 918 623 979 Et
638 920 720 1000 digna
732 938 844 996 prorsus
859 939 941 997 spec·

271 998 371 1058 taculo
380 999 486 1059 edidit:
497 1000 602 1058 multos
611 1018 627 1058 e
637 998 724 1058 muris
733 1016 941 1079 propugnantes

272 1075 353 1136 hasta
373 1077 533 1148 transfixi13
548 1077 685 1154 quosdam
706 1078 792 1137 etiam
811 1078 941 1138 cominus
993 1133 998 1140 .

263 1156 370 1235 ,gladio
394 1158 551 1234 clypeoque
576 1156 714 1233 impulsos
733 1155 941 1232 praecipimvite

271 1235 377 1312 quippe
398 1237 503 1305 turris,
525 1254 561 1294 ex
582 1256 636 1311 qua
658 1234 833 1303 dimicabat,
854 1234 942 1294 muris

271 1314 399 1374 hostium
415 1314 622 1391 propemodum
633 1311 802 1377 coherebat.
819 1311 943 1391 Jamque

272 1392 377 1454 crebris
386 1395 518 1455 arietibus
530 1413 663 1453 saxorum
672 1413 811 1474 compage
824 1393 942 1463 laxata,

271 1472 452 1534 munimenta
462 1472 677 1542 defecerant3et
686 1472 778 1531 classis
787 1474 941 1534 intraverat

271 1570 387 1629 portum
400 1593 411 1622 ‚
433 1571 461 1612 et
473 1552 586 1628 quidam
598 1550 790 1610 Macedonum
809 1552 838 1610 in
851 1568 940 1612 turres

270 1631 399 1692 hostium
417 1632 537 1692 desertas
556 1647 727 1691 evaserant:
748 1650 814 1689 cum
833 1629 940 1705 Tyrii,

270 1728 316 1770 tot
325 1711 411 1771 simul
421 1711 503 1771 malis
511 1709 600 1777 victi,
616 1709 666 1767 alii
678 1708 815 1784 supplices
825 1707 854 1767 in
865 1725 941 1770 tem·

270 1792 318 1869 pla
338 1791 528 1872 confugium
548 1789 597 1848 alii
614 1787 720 1847 foribus
737 1786 837 1847 aedium
857 1787 940 1848 obre

269 1870 338 1930 ratis
355 1887 497 1948 occupant
513 1870 633 1929 liberum
650 1866 750 1926 mortis
766 1865 913 1926 arbitrium
927 1889 938 1930 e

269 1950 405 2010 nonnulli
416 1967 499 2008 ruunt
512 1949 540 2007 in
552 1947 684 2013 hostem,
706 1944 780 2006 haud
790 1945 873 2005 inulti
893 1963 938 2006 ta·

269 2046 340 2088 men
350 2028 474 2105 perituri.
488 2028 593 2107 Magna
605 2046 667 2103 pars
677 2046 786 2084 summa
796 2041 937 2086 tectorum

270 2108 439 2174 obtinebat,
458 2128 544 2173 saxa,
563 2123 591 2165 et
601 2103 732 2181 quidquid
743 2103 871 2163 manibus
880 2102 937 2163 fore

268 2185 405 2254 dederat,
425 2185 582 2263 ingerentes
595 2182 786 2243 subeuntibus.
804 2181 936 2241 Alexan·

268 2263 340 2332 der,
364 2263 487 2343 exceptis
503 2263 547 2341 qui
568 2262 597 2321 in
617 2259 716 2339 templa
732 2259 911 2337 confugerant
921 2300 935 2330 ,

268 2362 365 2403 omnes
381 2339 521 2421 interfici,
540 2340 683 2420 ignemque
699 2337 877 2415 teetisjnp'r'ci
892 2338 937 2413 iu·

268 2423 328 2484 ber.
343 2421 397 2481 His
407 2441 456 2499 per
465 2440 607 2498 precones
618 2416 825 2495 pronuntiatis,
847 2435 935 2475 nemo

266 2518 366 2561 tamen
384 2519 506 2561 armatus
522 2519 609 2575 opem
626 2518 643 2556 a
659 2496 724 2555 Diis
740 2513 836 2571 petere
853 2494 935 2554 susti·

266 2581 332 2640 nuit
345 2602 354 2641 e
369 2579 447 2657 pueri
458 2579 635 2659 virginesque
648 2575 756 2651 templa
769 2574 935 2650 compleve-
1013 2628 1017 2635 .

260 2678 356 2730 .rant;
381 2658 432 2719 viri
459 2658 489 2718 in
515 2655 656 2719 vestibulo
680 2673 794 2714 suarum
818 2652 933 2728 quisque

266 2738 369 2799 aedium
388 2739 516 2809 stabant;
536 2752 631 2813 parata
651 2733 825 2793 saevientibus
840 2732 932 2799 turba.

266 2817 368 2877 Multis
381 2834 476 2876 tamen
487 2815 568 2876 saluti
580 2816 658 2874 fuere
674 2811 803 2880 Sidonii,
823 2809 871 2888 qui
886 2810 931 2874 in-,

265 2912 308 2954 tra
326 2895 517 2956 Macedonum
530 2893 652 2971 praesidia
671 2910 761 2953 erant.
778 2890 819 2951 Hi
831 2891 931 2951 urbem

267 2974 381 3054 quidem
391 2974 465 3040 inter
476 2975 596 3040 victores
606 2972 798 3044 intraverant,
818 2968 865 3034 sed
879 2988 932 3036 co-¹
