2625 4017
403 540 460 628 {it
580 540 623 622 Q.
663 541 688 603 C
708 542 740 604 U
760 543 785 603 R
805 545 833 605 T·
852 544 898 622 11

399 644 503 706 venere
519 640 548 702 in
563 660 742 721 potestatem.
758 642 836 702 Hinc
849 645 883 704 ad
894 640 1071 717 Craterum}

364 770 366 773 ψ
398 724 447 802 qui
471 725 662 782 Artacacnam
693 721 862 792 obsidebat,
882 724 963 785 redit.
985 726 1067 793 Ille,

398 802 531 862 omnibus
544 800 703 879 praeparatis
714 841 724 868 ,
741 802 815 879 tegis
828 805 996 879 expectabat
1012 804 1065 883 ad.-

395 880 535 949 rentum,
548 898 635 957 captae
643 880 718 938 urbis
729 880 832 949 titulo,
844 882 915 942 sicut
926 902 1065 959 parerat,

396 960 508 1021 dedens.
527 959 617 1039 Igitur
635 956 798 1018 Alexander
815 959 902 1037 turres
925 956 1067 1020 admoveri

395 1037 493 1118 jubett
513 1038 631 1115 ipsoque
648 1054 762 1114 aspectu
779 1034 866 1097 territi
885 1040 994 1099 barbari
1013 1081 1024 1109 ‚
1043 1041 1067 1101 ‘e

395 1117 484 1189 inuris
496 1117 607 1205 supinas
621 1123 721 1187 manus
731 1113 874 1177 tendentes
885 1117 902 1186 ,⁴
911 1138 992 1178 orate
1002 1140 1064 1178 coe-

394 1214 516 1285 petunt,
538 1196 609 1267 iram
628 1193 658 1253 in
679 1191 879 1274 Satibarzanen
897 1193 1065 1271 defectionis

393 1292 533 1334 auctorem
543 1270 695 1334 reservaret
705 1291 718 1343 ,·
735 1269 902 1353 supplicibus
913 1293 1001 1335 semet
1010 1274 1064 1335 de-

393 1352 521 1428 dentibus
538 1367 676 1434 partent.
698 1351 760 1427 Rex
782 1353 844 1428 data
865 1353 970 1421 uenia,
1000 1374 1062 1418 non

391 1428 570 1502 obsididnern'
588 1431 677 1489 rnodo
696 1430 801 1499 solvit,
826 1431 871 1490 sed
891 1432 989 1491 omnia
1010 1439 1061 1496 sua'

391 1509 495 1593 incelis
511 1507 697 1572 reddidit-Ab
714 1506 768 1569 hae
778 1511 846 1569 urbe
857 1510 981 1591 digresso
993 1534 1060 1589 sup-,

374 1591 568 1669 'plementum
597 1608 741 1648 novorum
767 1588 892 1649 militurn
925 1591 1061 1671 occurrit,
1100 1619 1104 1629 ¹

390 1668 494 1734 Zoilus
514 1690 534 1729 n
554 1666 662 1746 equites
683 1687 719 1727 ex
738 1664 849 1746 Graeciu
874 1667 1028 1729 adduxerat
1048 1693 1058 1730 t

390 1740 435 1810 ‘111
455 1747 547 1808 millia
569 1766 606 1814 ex
626 1746 742 1824 Illyrico
762 1746 911 1824 Antipater
931 1747 1058 1809 miserat.

389 1826 520 1888 Thessali
539 1846 555 1885 e
574 1823 646 1885 uites
664 1831 683 1883 'e
705 1841 734 1883 et
753 1844 818 1883 xxx
836 1846 903 1893 cunr
924 1825 1059 1903 Philippo¹

388 1921 493 1979 erant:
509 1924 545 1964 ex
587 1903 693 1980 ydiarr
704 1902 795 1963 millia
809 1942 819 1972 ,
836 1922 866 1963 et
877 1926 915 1964 nc
928 1906 1057 1997 peregri·

386 1984 440 2044 irus
457 1982 539 2044 miles
556 1982 727 2043 adverterant
743 2004 751 2041 ε
770 2003 824 2041 ccc
844 2002 950 2059 equttes
963 2004 1057 2122 penus

385 2061 513 2142 ejusdem
533 2062 730 2139 sequebantur.
747 2060 818 2123 ,Hac
836 2083 925 2123 rnunu
945 2084 961 2123 a
982 2064 1056 2142 jecta

385 2140 517 2221 D'rangus
533 2140 672 2218 pervenit.
685 2138 823 2217 Bellicosn
838 2142 917 2200 natio
934 2160 986 2219 est,
1003 2142 1057 2203 Sat-.

385 2226 478 2299 'trapes
493 2236 550 2281 erat
565 2218 756 2285 Barza'e'ntes,
781 2220 892 2298 sceleris
905 2220 933 2279 in
956 2240 1056 2302 regem

385 2298 468 2375 Jsuutn
493 2299 631 2376 particeps
651 2298 748 2358 Besso.
773 2296 800 2356 Is
822 2299 1058 2376 suppliciorum,

383 2376 444 2468 'puae
454 2394 614 2450 metuerat,
629 2394 709 2435 rneru
717 2375 842 2457 profugit
855 2379 886 2436 in
901 2378 1024 2449 Indiam.

343 2456 346 2463 ’
424 2462 509 2519 Cau.
532 2456 612 2528 Vll,
634 2456 701 2519 Jnm
721 2473 831 2514 nonum
856 2455 932 2516 diem
951 2458 1055 2520 stativa

382 2554 482 2605 eraut,
497 2536 563 2598 enm
573 2552 690 2606 externa
698 2533 727 2595 vi
740 2552 799 2591 non
811 2532 951 2595 interritus
959 2537 1051 2597 modo

381 2610 451 2685 ¹rex,
468 2614 513 2674 red
526 2612 666 2689 invictus,
683 2610 816 2673 intestino
831 2613 958 2675 facinore
970 2634 1053 2693 pete·

380 2686 472 2774 ¹iratur.
486 2693 619 2771 Dymnus
628 2691 747 2771 modicae
758 2691 829 2771 apud
841 2712 938 2781 regern
948 2712 1052 2755 aucto·

379 2773 468 2837 uitatis
481 2790 510 2832 et
526 2770 644 2851 gratie,
662 2770 792 2849 exoleti,
813 2772 859 2831 cui
875 2770 1051 2835 Nicomacho

377 2843 439 2915 erat
454 2869 588 2919 nomen,
610 2859 711 2908 amore
731 2847 888 2928 flagrabat3
911 2853 1051 2929 obsequio

325 2948 327 2952 ’
364 2924 427 3012 ‘isui
442 2931 494 3017 sib}
505 2927 588 2999 dediti
602 2927 729 3011 corporis
744 2928 842 3023 vietus
856 2928 904 2998 ls,
920 2932 996 3019 quud
1011 2952 1052 3010 ex

472 3003 476 3016 1

472 3030 476 3039 ι
