2625 4017
477 549 670 613 ntann
707 548 833 617 vnn·
930 553 991 630 '435

317 661 348 721 'et
370 648 503 734 urgebitis
516 648 654 727 frontem.
676 647 776 712 Hosto
795 665 899 712 nostro
918 671 995 733 proe·

319 733 411 813 longa
428 748 455 791 et
470 728 571 796 aalide
585 751 639 792 non
652 728 725 791 alios
742 728 833 810 magis
849 750 927 809 quom
940 730 996 792 od»-

318 831 417 882 rersus
431 807 536 870 belluas
553 827 727 889 rectoresque
744 829 834 870 eorum
851 809 914 870 osui
930 830 995 871 esse

310 907 472 973 -poterurtt,·
490 887 630 949 deturbate
647 909 714 958 eos,
732 888 778 967 qui
792 887 926 950 uelantur
935 931 947 959 ‚
965 906 994 951 et

317 971 398 1051 ipsos
409 966 578 1045 confundite.
591 966 702 1049 Anceps
711 988 801 1047 genus
813 966 915 1029 auxilii
928 985 992 1040 est,

321 1067 350 1110 et
361 1049 390 1109 in
407 1044 666 1123 suosocrittsfurit.
683 1044 717 1111 lo
733 1044 837 1107 ltostem
850 1046 992 1107 enimim-

315 1126 398 1209 perio
410 1147 424 1199 ;
435 1126 465 1187 in
476 1145 541 1186 suos
551 1146 652 1207 pavore
664 1125 768 1206 agitur.
780 1125 851 1187 Haec
860 1128 993 1188 elocutus

318 1205 448 1272 ¹concitat
464 1226 569 1282 equum
585 1206 704 1284 primus.
715 1205 860 1283 Jamque,
880 1223 913 1272 ut
928 1206 994 1267 des-

319 1287 442 1347 tinatum
460 1303 539 1353 erat,
560 1285 702 1345 invaserat
716 1285 828 1355 ordines
844 1284 995 1360 hostiurne

318 1386 389 1425 cum
401 1364 508 1425 Coenus
519 1364 628 1443 ingenti
638 1364 668 1425 vi
684 1365 714 1424 in
729 1365 832 1426 laevum
843 1385 933 1426 cornu
944 1366 994 1426 im·
1031 1435 1034 1440 ¹

321 1443 443 1505 vehitur.
457 1442 585 1503 Phalanx
595 1464 709 1521 quoque
726 1443 756 1501 in
769 1443 892 1504 mediam
903 1443 993 1506 Indu·⁸

320 1545 387 1584 rum
396 1524 488 1584 aciem
499 1543 557 1583 uno
567 1524 675 1599 impetu
686 1524 823 1599 prorupit.
835 1523 875 1583 At
883 1522 974 1584 Porus
981 1561 995 1593 .

320 1624 377 1680 qua
400 1604 525 1680 equitem
542 1602 639 1662 inuehi
655 1620 800 1670 senserat,
822 1599 927 1661 belluas
944 1601 995 1681 ogi
1088 1623 1097 1634 ·

322 1682 422 1760 jussit:
437 1682 484 1741 sed
500 1680 609 1740 tardum
627 1698 656 1740 et
674 1700 747 1757 pene
764 1680 915 1741 immobile
932 1682 996 1742 ani·

314 1762 382 1820 -mal
392 1781 532 1838 equorum
551 1759 734 1832 velocitatem
744 1779 852 1835 aequare
867 1779 926 1819 non
941 1780 996 1837 po·

315 1858 404 1902 terat.
428 1840 475 1901 No
497 1838 662 1920 sagittatum
691 1837 805 1915 quidem
834 1838 908 1899 ullus
932 1855 994 1904 erat

313 1919 445 1979 -barbaris
459 1941 534 1980 usus.
547 1916 664 1997 Quippe
675 1919 769 1999 longa
778 1934 807 1979 et
816 1938 993 2000 praegraves,

319 1998 375 2058 nisi
391 1999 466 2077 prius
484 1998 513 2058 in
530 2016 602 2065 terra
613 2016 767 2059 statuerent
782 1998 900 2067 arcum,
918 1996 994 2061 haud

320 2079 386 2139 satis
410 2096 474 2155 apte
503 2095 536 2137 et
554 2078 708 2138 commode
727 2077 890 2152 imponunt.
912 2077 994 2140 Tum

320 2155 411 2217 humo
429 2156 559 2224 lubrica,
581 2174 610 2216 et
626 2158 664 2216 ob
675 2157 703 2215 id
719 2155 890 2233 impediente
903 2176 996 2220 cona-

320 2253 406 2304 tum,
429 2235 579 2294 molientes
594 2235 685 2303 ictus,
705 2234 847 2295 celeritate
867 2233 993 2298 hostium

321 2315 543 2391 occupabantur.
565 2312 643 2393 Bego
665 2330 759 2391 spreto
779 2312 852 2393 regis
869 2314 994 2391 imperio

321 2393 425 2471 (quod
444 2392 502 2452 fere
521 2391 576 2460 fit,
600 2392 648 2452 ubi
661 2392 777 2451 turbatis
794 2392 884 2452 acrius
900 2411 994 2456 metue

320 2494 408 2551 quam
426 2470 482 2538 dux
495 2470 635 2549 imperate
646 2470 757 2547 coepit)
775 2470 896 2531 totidem
912 2489 996 2535 erant

320 2553 529 2629 imperatores,
545 2566 618 2628 quot
629 2550 895 2630 agminaettabant.
909 2550 995 2614 nlius

318 2631 439 2710 jungere
451 2628 539 2689 aciem
551 2648 564 2701 5
581 2630 651 2691 alius
667 2625 816 2699 dividam
834 2647 912 2690 stare
926 2631 993 2707 quit·

322 2711 410 2781 ὁπως
423 2725 452 2769 et
461 2708 594 2769 nonnulli
604 2705 769 2774 circumvehi
780 2723 861 2786 terga
873 2705 993 2774 hostium

324 2790 468 2850 'ubebann
487 2786 570 2848 Niltil
588 2787 619 2848 in
634 2788 762 2847 medium
781 2788 995 2854 consulebatur.

277 2931 281 2937 ,
322 2812 414 2929 l'otus
425 2886 519 2927 tamen
532 2889 599 2929 cum
608 2867 724 2947 paucis,
739 2866 838 2944 quibus
848 2885 926 2928 ntetu
938 2888 994 2945 po·

323 2948 381 3020 tior
391 2949 481 3016 fuerat
490 2949 602 3041 pudor,
614 2946 751 3040 colligere
764 2946 921 3021 dispersos,
936 2949 991 3020 ob·

785 3043 894 3137 Qsii
