2625 4017
451 555 792 641 trannin*
886 595 942 657 2„

267 666 485 753 Propemodum
510 676 603 738 saculi
627 677 722 737 resin
745 692 835 736 unum
859 674 944 741 ilium

269 755 349 816 diem
361 754 474 814 fortuna
489 757 656 818 cumulavit.
667 757 725 817 Alii
741 774 796 832 qua
811 756 944 818 brevissi·

264 833 353 894 hrum
366 835 480 911 patebat
492 832 546 895 iter
556 874 567 903 ,
587 835 636 896 alii
648 835 774 897 diversos
786 835 871 895 saltus
883 874 893 905 ,
911 852 943 898 et

266 911 388 993 ignotos
396 913 574 989 sequentibus
587 914 673 975 calles
686 916 829 994 petebant.
846 914 950 990 Eques

267 990 411 1084 pedesque
425 988 535 1053 confusi
548 990 607 1053 sine
622 992 714 1062 duce,
733 992 847 1054 armatis
861 993 940 1053 iner-

266 1089 353 1141 mes,
365 1070 481 1162 integris
492 1069 596 1132 debiles
606 1072 834 1147 implicabantur.
845 1071 943 1146 Dein}

267 1148 328 1219 de,
345 1149 538 1210 misericordia
550 1150 580 1209 in
591 1169 701 1210 metum
713 1170 813 1219 versa,
829 1150 877 1226 qui
891 1170 939 1212 se-

268 1228 320 1367 ἲιί
337 1248 398 1287 non
418 1243 574 1305 poterant,
598 1230 672 1289 inter
686 1244 801 1290 mutuos
817 1228 941 1307 gemitus

288 1308 479 1368 exerebantur.
505 1305 569 1367 Sitis
596 1309 735 1386 precipue
757 1306 890 1387 fatigatos
911 1324 942 1370 et
975 1317 978 1322 ’

266 1385 382 1447 saucios
392 1387 722 1466 perurebat,passimque
732 1388 863 1449 omnibus
871 1386 940 1450 rivis

264 1466 479 1545 prostraverant
512 1486 665 1545 corpora,
706 1464 941 1544 preterfluentem

238 1565 242 1575 ‘
263 1563 376 1623 aquam
386 1541 475 1604 hianti
485 1564 536 1604 ore
544 1564 699 1622 captantes,
708 1545 880 1623 Quamcum
891 1546 940 1610 diu

262 1618 348 1687 avidi
360 1621 500 1684 turbidam
510 1622 681 1694 hausissent,
693 1623 875 1685 tendebantur
888 1643 940 1684 ex·

262 1702 939 1783 templopraecordiapre'mentelimo;resolutis·

268 1782 328 1861 que
345 1798 375 1841 et
389 1782 565 1856 torpentibus
582 1783 735 1851 membris,
754 1802 820 1842 curu
838 1800 939 1859 tuper-
968 1790 970 1793 ⁴

266 1860 394 1924 venisset
412 1859 522 1930 hostis,
547 1862 630 1925 novis
649 1861 812 1925 vulneribus
828 1860 939 1921 excita·
969 1867 973 1872 '

269 1942 383 2015 bantur.
394 1939 540 2017 Quidam,
551 1936 839 2020 occupatis'proximis
848 1938 915 2001 rivis
926 1979 938 2010 ,

262 2020 441 2081 diverterant
456 2020 568 2099 longius
584 2058 594 2090 ,
609 2039 662 2091 ut,
683 2018 816 2100 quidquid
832 2017 940 2080 occulti
1031 2042 1034 2046 ·

268 2098 399 2159 humoris
406 2120 524 2176 usquam
534 2119 679 2168 manaret,
691 2098 862 2175 exciperent.
873 2096 939 2157 Nec

261 2179 329 2240 ulla
347 2178 420 2237 adeo
435 2178 499 2238 avia
514 2198 543 2239 et
561 2180 634 2242 sicca
652 2179 754 2239 lacuna
769 2193 855 2245 erat,
878 2196 939 2252 quae

264 2256 469 2337 vestigantium
480 2257 682 2319 sitimfalleret.
693 2254 860 2334 Eproximis
869 2273 940 2315 vero

261 2336 365 2396 itineri
379 2334 449 2396 uicis
466 2358 565 2400 senum
579 2336 700 2398 ululaurs
711 2335 938 2409 feminarumque

262 2415 510 2483 exaudiebantur,
526 2419 645 2476 barbaro
656 2415 711 2475 ritu
718 2410 839 2474 Darium
848 2408 940 2472 adhuc

270 2513 365 2575 regem
382 2495 579 2556 clamantium.
599 2492 785 2560 Alexander,
807 2508 840 2552 ut
857 2510 940 2628 supra

261 2572 379 2633 :dictum
393 2592 453 2642 est,
469 2573 591 2634 inhibito
605 2594 721 2634 suorum
738 2589 821 2637 cursu
833 2569 868 2629 ad
906 2589 942 2647 y·

261 2653 338 2712 -cum
350 2655 466 2713 amnem
482 2670 668 2728 perveneram
685 2652 734 2711 ubi
749 2650 847 2728 ingens
859 2648 939 2711 mul·

258 2730 364 2791 titudo
377 2731 545 2811 fugientium
564 2744 732 2792 oneraverat
749 2735 890 2807 pontem,
909 2742 941 2790 et

261 2810 498 2901 plotinum-cum
507 2809 594 2870 hostis
604 2825 732 2891 urgeret,
744 2810 774 2867 in
790 2805 938 2868 dumento
966 2814 969 2819 “

242 2889 530 2966 .·praecrpitaverant,
545 2908 699 2968 gravesque
710 2886 813 2956 armis,
831 2901 858 2946 et
868 2905 939 2962 pre·
966 2917 969 2922 ·

262 2966 359 3031 iffae
367 2966 435 3049 fuga
448 2967 590 3049 defatigati
603 2967 758 3051 gurgitibus
768 2963 942 3040 hauriebatur
960 2971 970 2999 ‘'
