2625 4017
473 535 670 622 'tisun
707 553 832 625 vsu.
930 569 991 638 '455¹

311 653 392 725 ¹tium
407 681 566 736 averterem
583 661 772 723 Ptolemaeum
788 682 849 721 cunr
868 659 995 721 omnibus

318 742 418 805 turmis
440 741 596 821 obequitare
615 742 692 820 jussit
704 740 799 823 procul
818 739 851 801 ab
872 738 995 811 insula,

307 841 348 883 'et
360 820 477 882 subinde
488 819 573 882 Indos
584 820 702 881 clamore
712 839 828 891 tersere,
845 819 924 900 quasi
931 818 994 901 flu-

308 906 383 962 'men
417 902 608 962 transnaturus
630 898 718 976 foret.
751 901 805 961 Per
833 901 996 977 complures

317 983 377 1042 dies
403 981 573 1042 Ptolemaeus
592 982 619 1040 id
643 980 731 1054 fecit3
754 1000 847 1060 eoque
869 979 993 1041 consilio
1077 995 1081 1003 '

283 1107 286 1112 -
315 1061 426 1123 Porum
437 1082 550 1141 quoque
560 1080 663 1142 agmen
674 1083 756 1121 suum
766 1062 793 1120 ei
804 1060 876 1139 parti
886 1103 896 1130 ,
906 1081 994 1138 quam

317 1160 348 1202 se
359 1159 454 1220 petere
466 1141 636 1208 simulabat,
651 1139 747 1221 co'e'git
757 1141 911 1204 advertere.
924 1141 993 1207 Jam

317 1240 399 1281 extra
409 1238 595 1301 conspectum
609 1220 698 1280 hostis
712 1222 803 1282 insula
819 1238 879 1281 erat
895 1243 904 1282 s
920 1220 995 1280 Ale·

317 1302 426 1361 rander
442 1299 471 1361 in
489 1300 600 1362 diversa
616 1317 699 1382 parre
720 1300 790 1380 ripae
808 1299 895 1360 statui
915 1317 995 1359 suum

316 1378 521 1441 tabernaculum
539 1380 638 1460 jussit,
657 1398 849 1458 assuetumque
866 1376 996 1439 comitari

316 1459 407 1541 ipsum
421 1459 558 1521 cohortem
569 1478 632 1520 ante
643 1458 673 1520 id
683 1457 885 1519 sabernaculum
897 1464 995 1530 stare}

318 1556 347 1598 et
365 1559 468 1599 omnem
482 1558 640 1620 apparatum
651 1539 737 1619 regiae
750 1536 967 1619 magnificentie
981 1576 994 1606 ‚

316 1616 439 1678 botrium
454 1618 541 1679 oculis
554 1618 588 1678 de
607 1617 747 1678 industria
765 1616 885 1680 ostendi.
903 1618 993 1676 Atta·

315 1698 378 1759 lum
400 1716 428 1759 et
449 1698 585 1777 aequalem
605 1698 684 1767 sibi,
709 1715 737 1757 et
755 1696 830 1757 haud
852 1698 993 1773 disparem

316 1776 414 1839 habitu
427 1778 484 1839 oris
493 1796 521 1839 et
533 1778 681 1855 corporis,
701 1777 797 1855 utique
808 1799 875 1837 cum
890 1774 993 1854 procul

315 1859 467 1928 viseretur,
480 1877 557 1921 veste
573 1858 649 1940 regia
660 1874 797 1925 exornat,
809 1857 993 1936 praebinsrun'r

316 1938 441 2015 speciem
457 1939 550 2017 ipsum
566 1959 664 2019 regem
679 1938 721 1997 illi
738 1938 804 2013 ripae
822 1936 995 2016 praesidere,

315 2038 370 2077 nec
384 2019 491 2099 agitare
506 2019 542 2079 de
555 2018 684 2079 transitu.
709 2016 805 2093 Hujus
819 2016 932 2078 consilii
948 2014 992 2075 ef-

314 2097 421 2158 fectum
438 2098 654 2176 primomorata
669 2114 820 2174 tempestas
837 2115 900 2164 est,
918 2115 994 2153 mox

315 2177 452 2253 adjuvit3
483 2178 670 2238 incommoda
696 2195 810 2253 quoque
836 2177 872 2235 ad
898 2177 994 2234 bonos

316 2273 436 2317 euentus
447 2254 864 2330 vertenteiortuna.Tra}icete
874 2273 995 2315 amnem

315 2356 384 2396 cum
400 2336 500 2396 ceteris
509 2336 599 2413 copiis
608 2336 636 2395 in
652 2338 802 2417 regionem
818 2334 939 2402 insulae,
956 2332 996 2393 de·

315 2436 371 2493 qua
383 2416 564 2477 antedictum
576 2432 635 2485 est,
646 2418 764 2493 parabat
775 2454 784 2482 ‚
797 2434 897 2474 averso
908 2411 991 2473 host'e

314 2496 344 2556 in
358 2517 407 2556 eos
420 2535 429 2565 ,
449 2496 574 2574 quicum
586 2495 744 2557 Ptolemaeo
759 2493 922 2553 inferiorem
935 2494 991 2553 ob'·

315 2576 445 2637 sederant
459 2575 569 2654 ripam3
586 2596 652 2635 cum
663 2575 790 2653 procella
800 2574 923 2633 imbrem
940 2572 996 2635 vix

314 2658 366 2716 sub
387 2655 470 2716 rectis
492 2656 673 2715 tolerabilem
697 2654 804 2715 effucfit.
831 2652 996 2729 Obrutique

315 2735 422 2796 milites
441 2737 541 2795 nimbo
559 2736 587 2794 in
607 2752 712 2793 terram
732 2735 916 2815 refugerunt,
938 2752 997 2790 nn-

314 2816 401 2897 vigiis
419 2816 579 2893 ratibusque
600 2814 723 2875 desertis.
738 2815 792 2874 Sed
813 2813 994 2872 tumultuan'b

315 2897 388 2955 tium
416 2895 566 2965 fremitus,
591 2894 815 2972 obstrepentibus
843 2890 931 2969 ripis,
956 2891 997 2950 ab<

308 2974 396 3040 'hoste
407 2997 466 3038 non
476 2993 589 3057 poterat
598 2973 699 3039 audiri.
714 2971 827 3039 Deinde
837 2989 995 3036 montenses
