2625 4017
497 570 690 634 LIBER
735 571 812 638 VI.
932 595 990 648 297

318 683 375 755 que
386 670 470 735 Darii
487 675 593 751 recepit
606 675 636 734 in
647 674 799 737 cohonem
809 672 992 747 anticorum,

318 754 403 815 omni
425 768 539 816 vetustae
568 754 701 817 claritatis
729 754 842 816 honore
865 761 991 816 serrato.

318 831 399 894 Hinc
416 832 446 892 in
464 829 633 892 Parthienen
652 852 819 911 perventum
838 851 899 902 est,
922 851 992 895 tunc

318 911 479 992 ignobilem
489 928 628 990 gentem3
646 932 723 973 nunc
739 932 824 1006 caput
838 912 991 981 omniurn,

318 992 370 1069 qui
385 1010 450 1069 post
466 988 629 1067 Euphraten
649 1008 679 1052 et
698 992 812 1073 Tignm
829 1011 927 1051 amnes
945 990 995 1052 siti

318 1072 406 1131 rubro
423 1068 495 1129 mari
505 1070 702 1132 terminantur.
721 1069 830 1148 Scythae
842 1069 992 1150 regionem

318 1166 508 1230 campestrem
537 1167 572 1208 ac
597 1148 720 1208 fertilem
748 1160 994 1227 occupaverunt}

371 1249 420 1290 ves
435 1227 527 1288 adhuc
546 1229 664 1289 accole.
685 1226 770 1289 Sedes
790 1227 894 1288 habent
912 1227 992 1290 etin

318 1249 456 1386 ἔξωρα,
477 1321 506 1366 et
522 1305 558 1365 in.
567 1305 636 1367 Asia
648 1330 657 1367 z
671 1306 720 1383 qui
735 1327 818 1385 super
829 1308 991 1384 Bosporum

318 1388 441 1455 colunt,
460 1384 762 1459 ads'cribunturAsi23
783 1386 869 1464 atqui
888 1387 992 1447 inEu·

318 1486 390 1543 ropa
406 1480 491 1534 sunt,
512 1468 531 1525 a
544 1465 617 1525 lavo
637 1463 767 1527 Thracia
783 1466 871 1527 latere
887 1464 922 1526 ad
933 1465 993 1525 Bo·

318 1542 489 1623 rysthenen,
513 1560 598 1621 atque
619 1544 684 1604 inde
706 1544 741 1603 ad
763 1544 879 1605 Tanain
901 1544 992 1606 aliurn

319 1643 456 1693 amnem,
475 1641 552 1685 recta
563 1623 648 1703 plaga
661 1621 791 1683 attinent.
810 1623 919 1683 Tanais
930 1622 990 1682 Eue

318 1723 421 1780 ropam
431 1719 460 1763 ct
470 1700 570 1763 Asiam
580 1701 690 1762 medius
698 1699 833 1761 interfluit
842 1723 852 1773 3
870 1722 924 1762 nec
939 1700 993 1759 duss

319 1784 445 1848 bintus,
470 1783 537 1858 quin
549 1780 679 1858 Scytha,
699 1779 747 1858 qui
760 1778 878 1841 Parthos
890 1779 993 1841 condia

319 1860 408 1932 dere,
425 1880 512 1921 nona
526 1862 655 1938 Bosporo
670 1900 680 1930 ‚
697 1859 744 1920 sed
756 1879 792 1920 ex
802 1859 919 1940 regione
930 1857 992 1920 Eua

319 1961 395 2018 ropae
403 1940 624 2018 penetraverint.
631 1940 709 2001 Urbs
717 1955 817 2001 etatea
826 1954 993 2017 tempestate

317 2020 397 2080 clara
418 2020 666 2097 Hecatompylos,
688 2019 802 2079 condita
823 2042 839 2080 a
860 2016 993 2079 Graecisz

319 2096 362 2159 ibi
377 2099 476 2160 stativa
490 2120 540 2160 rex
550 2099 669 2167 habuit,
688 2098 895 2158 commeatibus
905 2095 992 2158 undi-

319 2198 375 2256 que
387 2178 522 2259 adnectite
538 2180 636 2255 Itaque
653 2197 772 2245 rumor,
792 2177 877 2236 otiosi
894 2174 993 2235 militis

318 2258 446 2326 vitium,
473 2259 532 2318 sine
554 2274 670 2318 auctore
691 2256 851 2334 percrebuit
864 2295 883 2328 ‚v
899 2271 992 2329 regens

319 2353 478 2396 contentum
488 2336 590 2404 relus,
610 2356 678 2414 quar
694 2333 857 2414 gessisset,
874 2334 905 2392 in
920 2332 994 2394 Mae

318 2413 463 2476 cadurtium
473 2414 596 2494 protinus
610 2411 860 2482 redire.,srutuisse.
870 2411 994 2472 Discat-s

318 2513 385 2554 runt
401 2494 552 2571 lymphatis
565 2494 674 2553 similes
692 2494 727 2554 in
741 2490 943 2557 tabernacula,
962 2504 994 2552 ct

319 2572 415 2634 itineri
426 2575 551 2638 ,sarcinas
559 2578 662 2651 ,aptarit
672 2573 807 2654 :signum
820 2570 917 2630 datum
929 2588 993 2632 cres

318 2652 426 2722 detes,
453 2672 484 2714 ut
505 2675 570 2714 vasa
592 2652 772 2732 colligerent.
791 2648 876 2710 Totis
897 2647 996 2710 castris

316 2733 457 2793 tumultus
466 2732 533 2792 hinc
544 2732 762 2793 contubernales
773 2750 839 2789 suos
849 2728 995 2805 requirene

317 2810 410 2879 tium,
425 2810 493 2873 hinc
506 2810 686 2872 onerantium
702 2811 846 2888 plaustra,
857 2805 997 2886 perfertur

315 2890 353 2951 ad
371 2910 480 2971 regem.
498 2890 637 2951 Fecerant
657 2890 744 2956 fidern
759 2886 869 2984 nunQi
885 2903 999 2952 temere

316 2969 436 3050 vulgato
447 2969 682 3041 Gracchorum,-
691 2967 787 3033 redire
800 2962 1003 3049 jpasslonoun
