2625 4017
399 539 437 611 ἐδ
502 545 531 600 Ξ.
566 545 755 599 FREINSH.
791 546 982 600 supplem.

401 655 456 690 rum
471 635 639 685 novandarum
648 633 734 683 erexit.
748 636 781 685 Ea
791 650 887 698 quoque
901 634 927 685 in
940 637 1012 688 rebus
1026 636 1078 689 hen?

400 703 480 758 manis
489 703 552 752 haud
561 717 685 766 postrema
697 700 821 750 calamitas
830 718 883 760 est,
899 706 966 767 quod
976 720 1076 755 utcum-

401 788 450 841 que
465 768 516 821 levi
526 768 639 826 auctori,
654 784 705 846 quse
717 771 781 819 facta
794 784 927 833 optamus,
939 785 991 821 tam
1002 772 1076 828 enixe

401 840 553 895 creduntur,
571 835 640 916 quasi
651 834 753 888 veritati
767 834 818 887 vim
829 836 912 887 afferre
926 837 1007 901 possit
1015 857 1077 903 per·

400 906 470 959 tinax
483 916 508 957 et
521 902 761 985 impatiensrationis
773 902 871 967 opinio.
885 908 1008 968 Repertus
1018 923 1056 957 est
1066 910 1084 967 ,'

402 973 446 1042 qui
461 991 484 1026 se
504 974 675 1096 inspiciente
658 974 848 1030 circumventum
868 989 965 1040 regem,
983 988 1007 1026 ec
1029 993 1076 1041 pun

401 1044 482 1097 minus
497 1057 534 1089 am
551 1055 675 1115 egeritur,
693 1056 716 1090 se
734 1041 759 1089 in
776 1055 898 1113 repugna
916 1043 1080 1093 vulneratum

401 1125 450 1162 esee
465 1082 614 1156 affirmaret:
625 1104 651 1155 id
665 1104 750 1171 pronis
762 1104 859 1154 auribus
875 1120 1001 1169 acceptum
1015 1109 1077 1158 vul-

401 1190 538 1253 gestumque
546 1202 553 1224 ,
568 1171 665 1225 civitati
684 1172 855 1222 Thebanorum
873 1188 986 1223 extremae
1006 1176 1081 1225 cala-⁴

400 1242 495 1294 micatis
505 1240 603 1291 initium
614 1238 719 1291 exstitit.
736 1238 835 1303 Quippe
849 1256 880 1289 eo
894 1239 982 1290 nuntio
998 1242 1083 1294 exciti

401 1309 500 1383 quidam
515 1308 628 1365 exulum,
648 1323 710 1372 quos
725 1324 737 1355 a
751 1306 868 1370 Philippo
887 1307 981 1369 ejectos
1006 1309 1078 1359 dixi·

400 1393 472 1435 mus,
491 1376 595 1429 ducibus
609 1373 725 1424 Phoenice
739 1388 765 1423 et
781 1374 923 1439 Prothyte,
943 1378 1077 1438 prefectos

399 1444 588 1499 Macedonum,
614 1440 655 1506 qui
671 1442 807 1493 Cadmeam
825 1440 992 1500 obtinebant,
1017 1461 1076 1496 cum

400 1510 471 1565 nulla
487 1510 541 1561 doli
556 1507 697 1573 suspicione
714 1523 782 1558 exera
797 1520 877 1560 arcem
894 1509 1021 1585 progressi
1037 1528 1077 1562 es·-

399 1583 479 1640 ient,
503 1577 674 1630 obtmncant.
691 1574 793 1626 civibus
802 1577 833 1625 ad
849 1574 987 1639 speciosum
1007 1578 1076 1628 libe-

399 1646 480 1697 rendre
501 1643 584 1709 patrie
604 1642 706 1693 titulum
727 1656 825 1693 strenue
849 1642 1074 1707 concurrentibus,

398 1711 538 1779 presidium
556 1710 689 1769 obsidente
707 1724 732 1759 et
749 1709 842 1773 duplici
856 1711 925 1761 vallo
940 1714 1074 1777 fossaque,

399 1787 433 1844 'ne
448 1796 599 1830 commeatus
612 1793 654 1828 aut
664 1776 751 1827 auxilia
765 1776 877 1827 submitti
888 1793 1006 1841 possent,
1022 1780 1077 1832 cir,-

382 1848 526 1899 rumdam.
547 1844 646 1913 legatis
660 1843 749 1895 deinde
763 1843 903 1910 supplicum
920 1845 1044 1896 habitu'
1022 1864 1075 1898 cir.-

396 1926 457 1966 tum
473 1913 587 1965 civitates
604 1911 705 1963 Greciae
721 1912 800 1961 missis
814 1913 953 1970 orabant,
951 1931 979 1967 ne
995 1916 1075 1968 deesse

397 1987 492 2036 pellent
510 1983 607 2051 indigne
624 1995 729 2056 ereptam
746 1979 913 2032 libertatemr
939 1982 1073 2036 etentlhus·
1081 1976 1084 1986 ’

393 2051 434 2107 “Et
456 2049 636 2099 Demosthenes
652 2045 768 2122 quidem
773 2046 853 2098 vete'ri
878 2045 905 2095 in
951 2049 1074 2100 acedonss

391 2115 462 2172 'ndio
476 2114 641 2168 Athenienses
656 2111 802 2188 permovit,
823 2128 851 2163 ur
868 2113 958 2163 auxilia
971 2130 1074 2178 promte

326 2230 330 2238 .
391 2179 570 2238 'decernerent
584 2180 660 2232 Missa
674 2183 900 2239 timennon'sunt,
915 2180 972 2246 quia
987 2182 1073 2236 subito

392 2249 536 2309 *Alexandri
552 2247 787 2311 adventiipercisssis
804 2250 967 2327 expectanda·
968 2253 1074 2301 fortune

394 2317 527 2375 inclinatio
537 2316 677 2367 videbatur.
689 2316 868 2366 Demosthenes
877 2315 980 2380 privatis
991 2318 1074 2381 copiis

397 2387 528 2441 Thebanos
542 2382 653 2445 adjuvit,
670 2399 832 2460 magnumque
844 2399 967 2433 armorum
983 2400 1073 2441 nume,-

398 2471 454 2505 rum
469 2453 543 2519 gratis
557 2448 758 2501 subministravit.
772 2449 867 2512 Quibus
879 2452 1010 2513 perarmati
1028 2454 1080 2518 qui'

397 2521 517 2599 Philippo
527 2520 649 2569 adimente
658 2535 699 2567 sua
709 2518 852 2576 amiserant,
869 2519 979 2568 Cadmeae
988 2520 1072 2582 presi

399 2588 485 2640 diariis
495 2586 582 2636 acriter
591 2584 743 2636 institerunt.
756 2584 993 2648 Peloponnesiorum
1004 2587 1070 2637 haud

395 2655 509 2716 invalida
518 2670 603 2703 manus
612 2653 642 2702 ad
652 2652 769 2702 Isthmum
780 2667 936 2704 conuenerat.
955 2654 998 2703 Ad
1008 2669 1070 2718 quot

399 2741 458 2773 cum
478 2721 627 2783 Antipater,
643 2736 717 2783 quem
737 2718 853 2778 interim,
874 2722 931 2769 dum
951 2722 1068 2783 abesset,

398 2787 551 2841 Macedoniae
563 2791 703 2851 prefecerat
712 2803 768 2843 ren,
786 2786 891 2837 misisset
899 2786 1025 2851 petitum,
1040 2802 1076 2843 ne·

398 2874 487 2913 contra
503 2855 622 2906 commune
635 2854 738 2905 Graeciae
750 2857 870 2907 decretum
885 2872 937 2905 cum
951 2858 1069 2921 professis

398 2923 537 2988 'Alexandri
550 2922 656 2973 horridus
668 2923 768 2972 consiliu
782 2924 926 2983 miscerent;
940 2921 1069 2971 nihilomis

396 3005 445 3063 pus
461 2990 632 3064 ‘Thebanorum
647 3003 759 3052 oratores
776 2988 934 3053 admiserunt.
956 2991 1070 3070 Quill}
