2625 4017
384 550 446 638 '382'
562 552 609 633 -.Q
647 552 892 618 CURTIl

379 651 514 738 prasenti
525 650 647 729 fortuna
660 672 714 714 tuse
729 652 857 733 sufficere
871 651 977 735 possis.
995 654 1062 722 Rex

384 737 491 816 jussum
503 730 639 811 confidete
646 731 785 808 felicitati
798 755 857 796 sua
866 734 986 797 remisit.
993 732 1060 796 Sibi

383 814 459 875 enim
469 813 505 873 ad
517 812 574 873 alia
583 811 702 891 gloriam
714 813 863 875 concedere
873 816 962 875 Deos.
976 814 1061 875 Con-

384 894 499 955 sultanti
513 894 612 957 deinde
626 914 693 953 cum
708 893 829 964 iisdem,
844 914 960 972 quonam
978 894 1060 957 modo

379 973 489 1058 flumen
506 971 683 1032 transirent?
701 974 861 1050 supervenit
871 973 1059 1046 Aristander,

383 1073 439 1113 non
450 1052 523 1113 alias
534 1051 639 1112 latiora
649 1068 715 1111 exta
725 1051 832 1112 uidisse
845 1073 877 1112 se
890 1050 1034 1114 affirmans
1047 1076 1057 1115 t

383 1132 477 1211 utique
490 1129 631 1212 prioribus
644 1129 726 1208 longe
744 1130 869 1193 diversa.
887 1129 958 1191 Tan
975 1131 1060 1192 solli-

382 1210 518 1275 citudinis
532 1230 631 1270 causas
649 1209 812 1291 apparuisse
822 1229 835 1282 ;
854 1231 926 1270 nunc
941 1231 1059 1291 prorsus

382 1292 497 1371 egregie
510 1288 618 1366 litatum
629 1310 702 1351 esse.
720 1288 856 1349 Ceterum
867 1312 928 1367 quae
937 1291 1058 1353 subinde

381 1373 510 1431 nuntiata
519 1369 814 1448 sunttegi‚continuae
823 1370 950 1431 felicitati
958 1390 1057 1431 rerum

384 1450 446 1529 ejus
457 1451 651 1526 imposuerant
662 1449 768 1508 labem.
781 1449 1005 1519 Menedemum,
1023 1468 1058 1511 ut

380 1549 465 1606 supra
481 1528 588 1590 dictum
604 1545 666 1597 est,
686 1527 800 1588 miserat
816 1529 851 1588 ad
867 1529 1056 1591 obsidendum

334 1684 337 1690 Ι
382 1607 588 1688 Spitamenen,
608 1608 763 1668 Bactrianae
773 1608 1055 1670 defectionis-aucto-

380 1707 458 1752 sem.
480 1688 541 1767 Qui
562 1704 712 1765 comperto
731 1686 820 1747 hostis
841 1688 992 1755 adventu,
1017 1709 1057 1751 ne

382 1768 473 1829 mutis
486 1767 560 1829 urbis
575 1767 764 1828 includeretur
775 1787 785 1839 ;
804 1767 888 1827 simul
901 1768 989 1830 fretus
1001 1790 1057 1829 ex-

380 1847 442 1925 cipi
449 1868 549 1924 posse;
562 1869 616 1923 qua
625 1864 777 1909 venturum
789 1847 912 1915 sciebat,
925 1849 1058 1910 consedit

382 1929 522 1988 occultus.
546 1926 679 1988 Silvestre
700 1926 754 1988 iter
768 1943 866 2003 aptum
884 1927 990 1987 insidiis
1006 1946 1056 1988 te·

380 2005 481 2087 gendis
493 2023 552 2067 erat
563 2029 572 2066 ε
583 2006 623 2065 ibi
631 2004 729 2066 Dahas
737 2006 874 2068 condidit.
886 2006 959 2083 Equi
969 2008 1056 2069 binos

379 2103 508 2147 armatos
519 2084 627 2147 vehunt
637 2127 648 2155 ‚
673 2107 795 2163 quotum
808 2086 932 2147 invicem
947 2086 1056 2169 singuli

288 2234 291 2241 ,
379 2184 497 2243 repente
507 2165 655 2225 desiliunt:
668 2166 801 2243 equestris
809 2186 908 2246 pugnae
920 2166 1055 2228 ordinem

380 2248 505 2307 turbant.
515 2245 662 2322 Equorum
677 2244 823 2305 velocitati
834 2266 886 2322 par
900 2261 942 2305 est
953 2244 1055 2308 homi·

380 2342 453 2385 num
473 2325 634 2404 pernicitas.
655 2323 720 2384 Hos
745 2324 921 2402 Spitamenes
946 2328 1055 2388 saltum

378 2403 531 2467 circumire
546 2405 632 2482 jussos
647 2405 751 2481 pariter
765 2422 794 2466 et
807 2425 823 2464 a
838 2404 971 2465 lateribus
986 2448 996 2475 ,
1022 2422 1054 2467 et

379 2484 524 2553 astante,
540 2502 597 2545 eta
611 2502 693 2563 tergo
707 2482 781 2544 hosti
797 2484 928 2545 ostendit.
944 2485 1054 2546 Mene·

379 2562 1054 2642 demusundiqueinclusus,nenumeroquidem

378 2662 454 2721 par,
478 2643 525 2704 diu
547 2662 644 2703 tamen
664 2644 782 2717 restitit3
806 2643 955 2703 clamitans
977 2641 1054 2703 nilsil

377 2718 458 2784 aliud
480 2742 622 2803 superesse
645 2720 764 2783 locorum
777 2719 880 2795 fraude
903 2720 1053 2799 deceptis,

377 2820 460 2881 quam
476 2801 598 2864 ltonesta
615 2800 714 2863 mortis
731 2800 859 2862 solatium
876 2821 912 2861 ex
929 2799 1055 2862 lantiunt

377 2879 466 2943 cade.
477 2884 573 2959 Ipsum
582 2882 735 2960 praevalens
743 2902 830 2960 equus
838 2879 1054 2959 vehebat,quo

378 2961 632 3041 taepiusincuneos
642 2963 826 3027 barbatorum
834 2960 925 3025 effusis
933 2958 1060 3035 habenis
