2625 4017
405 555 460 610 118
581 542 624 623 Q.
664 544 901 607 CURTll

398 669 466 714 cem
482 645 573 706 millia
584 645 650 723 'pari
664 663 774 707 armatu
792 649 990 724 sequebantur.
1012 647 1075 711 nr·

400 727 490 791 menii
496 725 679 806 quadraginta
688 726 780 785 millia
789 727 923 788 miserant
933 728 1077 805 peditun13
1087 797 1090 802 y

399 806 499 871 additis
510 824 617 884 septem
628 804 753 866 millibus
764 807 902 883 equitum.
924 806 1052 884 Hyrcani
1063 852 1075 880 ,

401 886 534 968 egregii,
557 901 589 947 ut
604 885 676 945 inter
694 885 757 945 illas
774 903 893 965 gentes,
917 904 966 947 sex
982 888 1076 951 millia

400 966 606 1044 expleverant,
626 965 705 1041 equis
738 966 906 1027 militatura.
937 963 1077 1029 Derbices

400 1044 584 1126 quadraginta
607 1046 700 1105 millia
723 1045 850 1122 peditum
869 1066 1049 1109 armaverant
1066 1070 1078 1121 ς

401 1125 526 1206 pluribus
546 1123 689 1187 haerebant
717 1125 791 1185 ferro
815 1124 933 1203 praefixae
956 1122 1041 1188 hastae
1064 1166 1077 1197 ‚

402 1206 517 1286 quidam
528 1204 640 1285 lignum
651 1204 711 1285 igni
728 1204 907 1268 duraverant.
925 1203 990 1266 Hos
1000 1228 1079 1286 quo-

402 1306 458 1366 que
478 1284 534 1345 duo
558 1283 650 1343 millia
669 1283 797 1361 equitum
815 1305 851 1344 ex
871 1281 970 1344 eadem
990 1304 1080 1365 gente

393 1364 538 1427 vcomitata
549 1382 621 1424 sunt.
633 1363 662 1421 A
673 1363 779 1441 Caspio
790 1364 862 1424 mari
873 1380 941 1423 octo
951 1364 1079 1429 millium

403 1444 531 1526 pedester
539 1441 679 1504 exercitus
689 1461 824 1515 venerat3
836 1442 949 1504 ducenti
958 1444 1082 1520 equites·

406 1524 483 1584 Cum
495 1522 536 1583 his
548 1538 627 1583 erant
638 1520 778 1603 ignobiles
789 1522 863 1583 Asiae
880 1539 978 1600 gentes
990 1545 999 1596 ;
1020 1525 1082 1586 duo

404 1604 497 1664 millia
514 1602 641 1681 peditum
656 1624 667 1675 ς
688 1603 815 1679 equitum
832 1602 975 1678 duplicem
993 1625 1079 1681 para·

404 1700 504 1745 verant
514 1701 677 1743 numerum.
696 1681 751 1743 His
762 1681 851 1758 copiis
861 1681 975 1762 triginta
985 1684 1081 1748 millia

405 1762 574 1824 Graecorum
586 1762 717 1823 mercede
729 1762 889 1830 conducta,
902 1764 1021 1843 egregiae
1037 1765 1081 1841 ju-

405 1844 549 1910 ventutis,
571 1840 681 1919 adjecta
703 1860 776 1904 sunt.
800 1840 881 1902 Nam
892 1842 1080 1913 Bactrianos,

407 1941 436 1984 et
452 1922 629 2002 Sogdianos,
651 1938 679 1981 et
697 1922 803 1991 Indos,
823 1939 986 1999 ceterosque
1003 1922 1085 1984 rubri

406 2002 492 2061 maris
507 2001 642 2069 accolas,
663 2000 763 2082 ignota
775 2001 863 2061 etiam
883 2002 933 2079 ipsi
950 2003 1083 2081 gentium

406 2081 548 2152 nomina,
572 2080 714 2142 festinatio
727 2080 893 2160 prohibebat
904 2082 1001 2143 acciri.
1015 2081 1046 2142 N
1048 2103 1083 2143 ec

406 2161 561 2238 quidquam
574 2160 617 2220 illi
628 2162 722 2222 minus
734 2202 743 2231 ,
763 2182 850 2239 quam
861 2161 1014 2222 multitudo
1026 2162 1085 2222 mi·

406 2239 489 2300 litum
509 2239 607 2302 deluit.
627 2239 717 2318 Cujus
735 2259 796 2302 tum
813 2240 948 2301 universae
967 2260 1084 2318 aspectu

407 2319 561 2381 admodum
573 2320 652 2379 laetus
664 2360 674 2391 ,
690 2321 846 2399 purpuratis
861 2318 945 2380 solita
956 2322 1085 2382 vanitate

407 2420 487 2478 spem
507 2398 566 2477 ejus
578 2397 739 2460 inflantibus
753 2423 762 2473 3
782 2420 934 2468 conversus
951 2400 986 2460 ad
1001 2400 1083 2462 Cha·

406 2480 546 2539 ridemum
567 2477 771 2540 Atheniensem
794 2479 863 2540 belli
883 2478 1028 2555 peritum,
1054 2497 1086 2541 et

408 2561 446 2619 ob
468 2558 587 2618 exilium
608 2557 742 2621 infestum
764 2559 931 2620 Alexandro
948 2559 1086 2637 (quippe

409 2637 529 2698 Athenis
545 2636 657 2709 iubente
677 2659 712 2699 eo
728 2639 817 2701 fuerat
834 2639 967 2720 expulsus
984 2640 998 2709 )
1016 2652 1087 2715 per·

408 2718 517 2778 contari
530 2716 633 2793 coepit:
647 2718 754 2778 satisne
768 2718 793 2777 ei
806 2716 948 2778 uideretur
962 2715 1087 2777 instruc-

412 2812 457 2856 tus
473 2795 509 2856 ad
525 2794 698 2856 obterendum
709 2796 842 2857 hostem?
863 2798 904 2858 At
922 2797 971 2857 ille
985 2815 1013 2857 et
1029 2818 1087 2858 suae

410 2878 513 2944 sortis,
534 2892 562 2934 et
572 2876 653 2955 regiae
670 2877 802 2953 superbiae
816 2877 941 2949 oblitus,
961 2872 1089 2946 Verum,

409 2954 521 3035 inquit,
545 2970 572 3015 et
584 2971 613 3015 tu
619 2951 720 3031 forsan
739 2954 835 3018 audire
848 2954 945 3030 nolim
967 2975 995 3016 et
1010 2975 1062 3036 ego
1076 2991 1089 3031 ,
