<?xml version="1.0" encoding="UTF-8"?>
<!DOCTYPE html PUBLIC "-//W3C//DTD XHTML 1.0 Transitional//EN"
    "http://www.w3.org/TR/xhtml1/DTD/xhtml1-transitional.dtd">
<html xmlns="http://www.w3.org/1999/xhtml" xml:lang="en" lang="en">
 <head>
  <title>
</title>
<meta http-equiv="Content-Type" content="text/html;charset=utf-8" />
  <meta name='ocr-system' content='tesseract 3.04.00' />
  <meta name='ocr-capabilities' content='ocr_page ocr_carea ocr_par ocr_line ocrx_word'/>
</head>
<body>
  <div class='ocr_page' id='page_1' title='image "./qcurtiirufidere00rufugoog_0294.png"; bbox 0 0 2625 4017; ppageno 0'>
   <div class='ocr_carea' id='block_1_1' title="bbox 433 569 908 655">
    <p class='ocr_par' dir='ltr' id='par_1_1' title="bbox 433 569 908 655">
     <span class='ocr_line' id='line_1_1' title="bbox 433 569 908 655; baseline 0.008 -15"><span class='ocrx_word' id='word_1_1' title='bbox 433 574 628 641; x_wconf 80' lang='lat' dir='ltr'><strong>LIBER</strong></span> <span class='ocrx_word' id='word_1_2' title='bbox 667 569 728 644; x_wconf 45' lang='lat' dir='ltr'>V(</span> <span class='ocrx_word' id='word_1_3' title='bbox 850 574 908 655; x_wconf 58' lang='lat'>2&#39;65</span> 
     </span>
    </p>
   </div>
   <div class='ocr_carea' id='block_1_2' title="bbox 203 674 933 3052">
    <p class='ocr_par' dir='ltr' id='par_1_2' title="bbox 203 674 933 3052">
     <span class='ocr_line' id='line_1_2' title="bbox 231 674 911 762; baseline -0.003 -21"><span class='ocrx_word' id='word_1_4' title='bbox 231 678 385 762; x_wconf 63' lang='lat' dir='ltr'>fringens,</span> <span class='ocrx_word' id='word_1_5' title='bbox 407 677 461 739; x_wconf 84' lang='lat' dir='ltr'>iter</span> <span class='ocrx_word' id='word_1_6' title='bbox 476 677 529 739; x_wconf 87' lang='lat' dir='ltr'>sibi</span> <span class='ocrx_word' id='word_1_7' title='bbox 542 676 611 739; x_wconf 85' lang='lat' dir='ltr'>fecit</span> <span class='ocrx_word' id='word_1_8' title='bbox 626 699 636 739; x_wconf 78' lang='lat' dir='ltr'>a</span> <span class='ocrx_word' id='word_1_9' title='bbox 652 674 818 756; x_wconf 84' lang='lat' dir='ltr'>exemplum</span> <span class='ocrx_word' id='word_1_10' title='bbox 836 680 911 761; x_wconf 80' lang='lat' dir='ltr'>regis</span> 
     </span>
     <span class='ocr_line' id='line_1_3' title="bbox 233 756 910 837; baseline -0.004 -14"><span class='ocrx_word' id='word_1_11' title='bbox 233 759 327 823; x_wconf 79' lang='lat' dir='ltr'>ceteri</span> <span class='ocrx_word' id='word_1_12' title='bbox 343 757 446 819; x_wconf 87' lang='lat' dir='ltr'>imitati</span> <span class='ocrx_word' id='word_1_13' title='bbox 461 776 536 820; x_wconf 76' lang='lat' dir='ltr'>nant.</span> <span class='ocrx_word' id='word_1_14' title='bbox 553 756 684 818; x_wconf 87' lang='lat' dir='ltr'>Tandem</span> <span class='ocrx_word' id='word_1_15' title='bbox 701 760 910 837; x_wconf 79' lang='lat' dir='ltr'>propemodum</span> 
     </span>
     <span class='ocr_line' id='line_1_4' title="bbox 238 835 911 905; baseline -0.003 -4"><span class='ocrx_word' id='word_1_16' title='bbox 238 840 332 902; x_wconf 84' lang='lat' dir='ltr'>invias</span> <span class='ocrx_word' id='word_1_17' title='bbox 350 838 434 898; x_wconf 87' lang='lat' dir='ltr'>silvas</span> <span class='ocrx_word' id='word_1_18' title='bbox 451 836 581 905; x_wconf 81' lang='lat' dir='ltr'>emensi,</span> <span class='ocrx_word' id='word_1_19' title='bbox 602 835 719 897; x_wconf 89' lang='lat' dir='ltr'>humani</span> <span class='ocrx_word' id='word_1_20' title='bbox 737 840 828 901; x_wconf 83' lang='lat' dir='ltr'>cultus</span> <span class='ocrx_word' id='word_1_21' title='bbox 847 858 911 899; x_wconf 81' lang='lat' dir='ltr'>rura</span> 
     </span>
     <span class='ocr_line' id='line_1_5' title="bbox 238 916 912 999; baseline -0.003 -19"><span class='ocrx_word' id='word_1_22' title='bbox 238 917 363 999; x_wconf 75' lang='lat' dir='ltr'>vestigia</span> <span class='ocrx_word' id='word_1_23' title='bbox 372 935 402 977; x_wconf 90' lang='lat' dir='ltr'>et</span> <span class='ocrx_word' id='word_1_24' title='bbox 414 916 517 995; x_wconf 86' lang='lat' dir='ltr'>passim</span> <span class='ocrx_word' id='word_1_25' title='bbox 530 932 653 976; x_wconf 77' lang='lat' dir='ltr'>errantes</span> <span class='ocrx_word' id='word_1_26' title='bbox 664 936 801 995; x_wconf 87' lang='lat' dir='ltr'>pecorum</span> <span class='ocrx_word' id='word_1_27' title='bbox 811 936 912 999; x_wconf 77' lang='lat' dir='ltr'>greges</span> 
     </span>
     <span class='ocr_line' id='line_1_6' title="bbox 240 995 913 1076; baseline -0.006 -17"><span class='ocrx_word' id='word_1_28' title='bbox 240 1015 398 1073; x_wconf 76' lang='lat' dir='ltr'>repeteret</span> <span class='ocrx_word' id='word_1_29' title='bbox 416 1013 447 1056; x_wconf 81' lang='lat' dir='ltr'>et</span> <span class='ocrx_word' id='word_1_30' title='bbox 465 996 585 1063; x_wconf 77' lang='lat' dir='ltr'>incolae,</span> <span class='ocrx_word' id='word_1_31' title='bbox 603 995 660 1071; x_wconf 71' lang='lat' dir='ltr'>qui</span> <span class='ocrx_word' id='word_1_32' title='bbox 678 996 776 1071; x_wconf 83' lang='lat' dir='ltr'>sparsis</span> <span class='ocrx_word' id='word_1_33' title='bbox 795 995 913 1076; x_wconf 82' lang='lat' dir='ltr'>tuguriis</span> 
     </span>
     <span class='ocr_line' id='line_1_7' title="bbox 241 1073 914 1149; baseline 0 -14"><span class='ocrx_word' id='word_1_34' title='bbox 241 1074 427 1142; x_wconf 83' lang='lat' dir='ltr'>habitabant,</span> <span class='ocrx_word' id='word_1_35' title='bbox 446 1093 514 1134; x_wconf 87' lang='lat' dir='ltr'>cum</span> <span class='ocrx_word' id='word_1_36' title='bbox 534 1092 563 1135; x_wconf 90' lang='lat' dir='ltr'>se</span> <span class='ocrx_word' id='word_1_37' title='bbox 585 1073 703 1133; x_wconf 85' lang='lat' dir='ltr'>callibus</span> <span class='ocrx_word' id='word_1_38' title='bbox 720 1073 804 1135; x_wconf 87' lang='lat' dir='ltr'>inviis</span> <span class='ocrx_word' id='word_1_39' title='bbox 820 1092 914 1149; x_wconf 84' lang='lat' dir='ltr'>septos</span> 
     </span>
     <span class='ocr_line' id='line_1_8' title="bbox 237 1152 915 1228; baseline 0.001 -15"><span class='ocrx_word' id='word_1_40' title='bbox 237 1171 304 1215; x_wconf 80' lang='lat' dir='ltr'>csse</span> <span class='ocrx_word' id='word_1_41' title='bbox 324 1152 525 1223; x_wconf 78' lang='lat' dir='ltr'>credidissent3</span> <span class='ocrx_word' id='word_1_42' title='bbox 543 1171 576 1212; x_wconf 80' lang='lat' dir='ltr'>ut</span> <span class='ocrx_word' id='word_1_43' title='bbox 590 1171 768 1228; x_wconf 68' lang='lat' dir='ltr'>conspexere</span> <span class='ocrx_word' id='word_1_44' title='bbox 788 1152 915 1214; x_wconf 78' lang='lat' dir='ltr'>hostium</span> 
     </span>
     <span class='ocr_line' id='line_1_9' title="bbox 234 1230 916 1314; baseline 0.003 -22"><span class='ocrx_word' id='word_1_45' title='bbox 234 1252 370 1314; x_wconf 74' lang='lat' dir='ltr'>agmen,</span> <span class='ocrx_word' id='word_1_46' title='bbox 388 1230 558 1297; x_wconf 85' lang='lat' dir='ltr'>interfectis,</span> <span class='ocrx_word' id='word_1_47' title='bbox 576 1231 624 1307; x_wconf 90' lang='lat' dir='ltr'>qui</span> <span class='ocrx_word' id='word_1_48' title='bbox 633 1231 764 1291; x_wconf 88' lang='lat' dir='ltr'>comitari</span> <span class='ocrx_word' id='word_1_49' title='bbox 777 1230 916 1312; x_wconf 85' lang='lat' dir='ltr'>fugientes</span> 
     </span>
     <span class='ocr_line' id='line_1_10' title="bbox 244 1309 917 1389; baseline 0.003 -18"><span class='ocrx_word' id='word_1_50' title='bbox 244 1331 306 1371; x_wconf 85' lang='lat' dir='ltr'>non</span> <span class='ocrx_word' id='word_1_51' title='bbox 320 1327 473 1389; x_wconf 66' lang='lat' dir='ltr'>poterant,</span> <span class='ocrx_word' id='word_1_52' title='bbox 491 1309 588 1370; x_wconf 85' lang='lat' dir='ltr'>devios</span> <span class='ocrx_word' id='word_1_53' title='bbox 604 1327 719 1370; x_wconf 84' lang='lat' dir='ltr'>montes</span> <span class='ocrx_word' id='word_1_54' title='bbox 728 1351 741 1380; x_wconf 89' lang='lat'><em>,</em></span> <span class='ocrx_word' id='word_1_55' title='bbox 757 1327 787 1372; x_wconf 91' lang='lat' dir='ltr'>et</span> <span class='ocrx_word' id='word_1_56' title='bbox 808 1310 917 1373; x_wconf 83' lang='lat' dir='ltr'>obsitos</span> 
     </span>
     <span class='ocr_line' id='line_1_11' title="bbox 245 1387 917 1469; baseline 0 -18"><span class='ocrx_word' id='word_1_57' title='bbox 245 1390 358 1451; x_wconf 86' lang='lat' dir='ltr'>nivibus</span> <span class='ocrx_word' id='word_1_58' title='bbox 368 1389 539 1467; x_wconf 86' lang='lat' dir='ltr'>petiverunt.</span> <span class='ocrx_word' id='word_1_59' title='bbox 554 1387 621 1448; x_wconf 90' lang='lat' dir='ltr'>lnde</span> <span class='ocrx_word' id='word_1_60' title='bbox 631 1407 683 1466; x_wconf 89' lang='lat' dir='ltr'>per</span> <span class='ocrx_word' id='word_1_61' title='bbox 693 1391 837 1468; x_wconf 88' lang='lat' dir='ltr'>colloquia</span> <span class='ocrx_word' id='word_1_62' title='bbox 847 1410 917 1469; x_wconf 89' lang='lat' dir='ltr'>cap-</span> 
     </span>
     <span class='ocr_line' id='line_1_12' title="bbox 243 1467 916 1550; baseline 0.001 -20"><span class='ocrx_word' id='word_1_63' title='bbox 243 1469 373 1530; x_wconf 81' lang='lat' dir='ltr'>tivorum</span> <span class='ocrx_word' id='word_1_64' title='bbox 387 1467 525 1545; x_wconf 85' lang='lat' dir='ltr'>paularim</span> <span class='ocrx_word' id='word_1_65' title='bbox 536 1468 646 1527; x_wconf 83' lang='lat' dir='ltr'>feritate</span> <span class='ocrx_word' id='word_1_66' title='bbox 662 1468 809 1550; x_wconf 79' lang='lat' dir='ltr'>mitigata,</span> <span class='ocrx_word' id='word_1_67' title='bbox 829 1471 916 1531; x_wconf 86' lang='lat' dir='ltr'>tradi-</span> 
     </span>
     <span class='ocr_line' id='line_1_13' title="bbox 203 1546 917 1629; baseline 0.001 -20"><span class='ocrx_word' id='word_1_68' title='bbox 203 1584 205 1589; x_wconf 95' lang='lat'>·</span> <span class='ocrx_word' id='word_1_69' title='bbox 245 1549 312 1610; x_wconf 86' lang='lat' dir='ltr'>dere</span> <span class='ocrx_word' id='word_1_70' title='bbox 333 1567 363 1608; x_wconf 90' lang='lat' dir='ltr'>se</span> <span class='ocrx_word' id='word_1_71' title='bbox 378 1567 407 1606; x_wconf 91' lang='lat' dir='ltr'>re</span> <span class='ocrx_word' id='word_1_72' title='bbox 428 1547 448 1607; x_wconf 89' lang='lat' dir='ltr'>i.</span> <span class='ocrx_word' id='word_1_73' title='bbox 469 1546 533 1607; x_wconf 89' lang='lat' dir='ltr'>Nec</span> <span class='ocrx_word' id='word_1_74' title='bbox 548 1547 577 1605; x_wconf 88' lang='lat' dir='ltr'>in</span> <span class='ocrx_word' id='word_1_75' title='bbox 593 1547 701 1608; x_wconf 88' lang='lat' dir='ltr'>deditos</span> <span class='ocrx_word' id='word_1_76' title='bbox 712 1550 828 1629; x_wconf 77' lang='lat' dir='ltr'>&#39;gravius</span> <span class='ocrx_word' id='word_1_77' title='bbox 842 1570 917 1610; x_wconf 90' lang='lat' dir='ltr'>con·</span> 
     </span>
     <span class='ocr_line' id='line_1_14' title="bbox 246 1626 917 1706; baseline -0.003 -17"><span class='ocrx_word' id='word_1_78' title='bbox 246 1627 365 1690; x_wconf 75' lang='lat' dir='ltr'>cultum.</span> <span class='ocrx_word' id='word_1_79' title='bbox 423 1626 516 1686; x_wconf 78' lang='lat' dir='ltr'>astatis</span> <span class='ocrx_word' id='word_1_80' title='bbox 543 1626 642 1685; x_wconf 86' lang='lat' dir='ltr'>deinde</span> <span class='ocrx_word' id='word_1_81' title='bbox 666 1646 739 1706; x_wconf 80' lang='lat' dir='ltr'>agris</span> <span class='ocrx_word' id='word_1_82' title='bbox 764 1626 917 1697; x_wconf 80' lang='lat' dir='ltr'>Persidis,</span> 
     </span>
     <span class='ocr_line' id='line_1_15' title="bbox 247 1703 933 1785; baseline -0.006 -14"><span class='ocrx_word' id='word_1_83' title='bbox 247 1706 374 1785; x_wconf 83' lang='lat' dir='ltr'>vicisque</span> <span class='ocrx_word' id='word_1_84' title='bbox 392 1706 585 1784; x_wconf 87' lang='lat' dir='ltr'>compluribus</span> <span class='ocrx_word' id='word_1_85' title='bbox 606 1703 723 1767; x_wconf 80' lang='lat' dir='ltr'>redactas</span> <span class='ocrx_word' id='word_1_86' title='bbox 741 1706 770 1766; x_wconf 94' lang='lat' dir='ltr'>in</span> <span class='ocrx_word' id='word_1_87' title='bbox 789 1723 933 1783; x_wconf 85' lang='lat' dir='ltr'>potesta·.</span> 
     </span>
     <span class='ocr_line' id='line_1_16' title="bbox 247 1783 920 1866; baseline -0.001 -19"><span class='ocrx_word' id='word_1_88' title='bbox 247 1803 334 1857; x_wconf 77' lang='lat' dir='ltr'>tem3</span> <span class='ocrx_word' id='word_1_89' title='bbox 360 1800 479 1844; x_wconf 84' lang='lat' dir='ltr'>ventum</span> <span class='ocrx_word' id='word_1_90' title='bbox 502 1800 544 1844; x_wconf 89' lang='lat' dir='ltr'>est</span> <span class='ocrx_word' id='word_1_91' title='bbox 563 1783 592 1843; x_wconf 93' lang='lat' dir='ltr'>in</span> <span class='ocrx_word' id='word_1_92' title='bbox 614 1783 781 1845; x_wconf 85' lang='lat' dir='ltr'>Mardorum</span> <span class='ocrx_word' id='word_1_93' title='bbox 793 1804 920 1866; x_wconf 73' lang='lat' dir='ltr'>gentem</span> 
     </span>
     <span class='ocr_line' id='line_1_17' title="bbox 248 1864 922 1929; baseline -0.001 -3"><span class='ocrx_word' id='word_1_94' title='bbox 248 1864 515 1929; x_wconf 88' lang='lat' dir='ltr'>bellicosissimam,</span> <span class='ocrx_word' id='word_1_95' title='bbox 527 1882 556 1921; x_wconf 90' lang='lat' dir='ltr'>et</span> <span class='ocrx_word' id='word_1_96' title='bbox 563 1864 686 1923; x_wconf 89' lang='lat' dir='ltr'>multum</span> <span class='ocrx_word' id='word_1_97' title='bbox 696 1884 712 1924; x_wconf 87' lang='lat' dir='ltr'>a</span> <span class='ocrx_word' id='word_1_98' title='bbox 722 1869 820 1925; x_wconf 84' lang='lat' dir='ltr'>ceteris</span> <span class='ocrx_word' id='word_1_99' title='bbox 830 1864 922 1925; x_wconf 73' lang='lat' dir='ltr'>Persic</span> 
     </span>
     <span class='ocr_line' id='line_1_18' title="bbox 249 1940 922 2020; baseline 0.001 -15"><span class='ocrx_word' id='word_1_100' title='bbox 249 1944 329 2006; x_wconf 88' lang='lat' dir='ltr'>cultu</span> <span class='ocrx_word' id='word_1_101' title='bbox 342 1943 406 2004; x_wconf 81' lang='lat' dir='ltr'>vitae</span> <span class='ocrx_word' id='word_1_102' title='bbox 420 1940 630 2004; x_wconf 88' lang='lat' dir='ltr'>abhorrentem.</span> <span class='ocrx_word' id='word_1_103' title='bbox 646 1941 750 2020; x_wconf 88' lang='lat' dir='ltr'>Specus</span> <span class='ocrx_word' id='word_1_104' title='bbox 763 1944 793 2003; x_wconf 90' lang='lat' dir='ltr'>in</span> <span class='ocrx_word' id='word_1_105' title='bbox 809 1944 922 2007; x_wconf 87' lang='lat' dir='ltr'>monti·</span> 
     </span>
     <span class='ocr_line' id='line_1_19' title="bbox 251 2020 923 2106; baseline 0.001 -23"><span class='ocrx_word' id='word_1_106' title='bbox 251 2025 303 2083; x_wconf 90' lang='lat' dir='ltr'>bus</span> <span class='ocrx_word' id='word_1_107' title='bbox 316 2021 447 2089; x_wconf 87' lang='lat' dir='ltr'>fodiunt,</span> <span class='ocrx_word' id='word_1_108' title='bbox 465 2020 495 2079; x_wconf 90' lang='lat' dir='ltr'>in</span> <span class='ocrx_word' id='word_1_109' title='bbox 510 2042 581 2098; x_wconf 89' lang='lat' dir='ltr'>quos</span> <span class='ocrx_word' id='word_1_110' title='bbox 592 2041 676 2097; x_wconf 88' lang='lat' dir='ltr'>seque</span> <span class='ocrx_word' id='word_1_111' title='bbox 690 2044 724 2083; x_wconf 88' lang='lat' dir='ltr'>ac</span> <span class='ocrx_word' id='word_1_112' title='bbox 738 2022 874 2106; x_wconf 80' lang='lat' dir='ltr'>conjuges</span> <span class='ocrx_word' id='word_1_113' title='bbox 890 2039 923 2088; x_wconf 89' lang='lat' dir='ltr'>et</span> 
     </span>
     <span class='ocr_line' id='line_1_20' title="bbox 252 2098 923 2178; baseline 0.004 -17"><span class='ocrx_word' id='word_1_114' title='bbox 252 2102 358 2161; x_wconf 88' lang='lat' dir='ltr'>liberos</span> <span class='ocrx_word' id='word_1_115' title='bbox 377 2098 529 2163; x_wconf 89' lang='lat' dir='ltr'>condunt:</span> <span class='ocrx_word' id='word_1_116' title='bbox 547 2119 710 2178; x_wconf 85' lang='lat' dir='ltr'>pecorum,</span> <span class='ocrx_word' id='word_1_117' title='bbox 731 2120 780 2163; x_wconf 87' lang='lat' dir='ltr'>aut</span> <span class='ocrx_word' id='word_1_118' title='bbox 798 2103 923 2164; x_wconf 82' lang='lat' dir='ltr'>letatum</span> 
     </span>
     <span class='ocr_line' id='line_1_21' title="bbox 251 2178 924 2260; baseline 0.003 -18"><span class='ocrx_word' id='word_1_119' title='bbox 251 2200 338 2242; x_wconf 82' lang='lat' dir='ltr'>carne</span> <span class='ocrx_word' id='word_1_120' title='bbox 354 2196 519 2240; x_wconf 63' lang='lat' dir='ltr'>vescuntur·</span> <span class='ocrx_word' id='word_1_121' title='bbox 542 2178 588 2239; x_wconf 92' lang='lat' dir='ltr'>Ne</span> <span class='ocrx_word' id='word_1_122' title='bbox 606 2179 719 2240; x_wconf 82' lang='lat' dir='ltr'>leminis</span> <span class='ocrx_word' id='word_1_123' title='bbox 737 2182 849 2258; x_wconf 67' lang='lat' dir='ltr'>quidem</span> <span class='ocrx_word' id='word_1_124' title='bbox 868 2202 924 2260; x_wconf 87' lang='lat' dir='ltr'>pto</span> 
     </span>
     <span class='ocr_line' id='line_1_22' title="bbox 252 2257 924 2342; baseline 0.006 -23"><span class='ocrx_word' id='word_1_125' title='bbox 252 2280 358 2320; x_wconf 83' lang='lat' dir='ltr'>naturae</span> <span class='ocrx_word' id='word_1_126' title='bbox 367 2257 463 2318; x_wconf 88' lang='lat' dir='ltr'>habitu</span> <span class='ocrx_word' id='word_1_127' title='bbox 472 2258 606 2319; x_wconf 82' lang='lat' dir='ltr'>molliora</span> <span class='ocrx_word' id='word_1_128' title='bbox 617 2259 729 2342; x_wconf 82' lang='lat' dir='ltr'>inge—nia</span> <span class='ocrx_word' id='word_1_129' title='bbox 739 2278 820 2321; x_wconf 86' lang='lat' dir='ltr'>sunt:</span> <span class='ocrx_word' id='word_1_130' title='bbox 831 2282 924 2323; x_wconf 64' lang='lat' dir='ltr'>come.</span> 
     </span>
     <span class='ocr_line' id='line_1_23' title="bbox 253 2336 927 2421; baseline 0.004 -22"><span class='ocrx_word' id='word_1_131' title='bbox 253 2338 418 2417; x_wconf 88' lang='lat' dir='ltr'>prominent</span> <span class='ocrx_word' id='word_1_132' title='bbox 431 2336 531 2400; x_wconf 83' lang='lat' dir='ltr'>hirtae:</span> <span class='ocrx_word' id='word_1_133' title='bbox 548 2338 632 2402; x_wconf 81' lang='lat' dir='ltr'>vestis</span> <span class='ocrx_word' id='word_1_134' title='bbox 651 2359 733 2415; x_wconf 86' lang='lat' dir='ltr'>super</span> <span class='ocrx_word' id='word_1_135' title='bbox 745 2359 839 2421; x_wconf 87' lang='lat' dir='ltr'>genua</span> <span class='ocrx_word' id='word_1_136' title='bbox 859 2360 927 2403; x_wconf 79' lang='lat' dir='ltr'>esre</span> 
     </span>
     <span class='ocr_line' id='line_1_24' title="bbox 254 2415 926 2487; baseline 0 -8"><span class='ocrx_word' id='word_1_137' title='bbox 254 2418 341 2479; x_wconf 79' lang='lat' dir='ltr'>fitnda</span> <span class='ocrx_word' id='word_1_138' title='bbox 356 2417 484 2478; x_wconf 86' lang='lat' dir='ltr'>vinciunt</span> <span class='ocrx_word' id='word_1_139' title='bbox 496 2417 639 2487; x_wconf 78' lang='lat' dir='ltr'>frontem3</span> <span class='ocrx_word' id='word_1_140' title='bbox 655 2415 713 2478; x_wconf 90' lang='lat' dir='ltr'>hoc</span> <span class='ocrx_word' id='word_1_141' title='bbox 727 2436 756 2478; x_wconf 93' lang='lat' dir='ltr'>et</span> <span class='ocrx_word' id='word_1_142' title='bbox 771 2439 926 2479; x_wconf 70' lang='lat' dir='ltr'>ornamen-</span> 
     </span>
     <span class='ocr_line' id='line_1_25' title="bbox 255 2494 926 2577; baseline 0.006 -19"><span class='ocrx_word' id='word_1_143' title='bbox 255 2514 319 2558; x_wconf 84' lang='lat' dir='ltr'>tum</span> <span class='ocrx_word' id='word_1_144' title='bbox 333 2495 432 2573; x_wconf 88' lang='lat' dir='ltr'>capitis</span> <span class='ocrx_word' id='word_1_145' title='bbox 448 2514 477 2556; x_wconf 93' lang='lat' dir='ltr'>et</span> <span class='ocrx_word' id='word_1_146' title='bbox 487 2499 576 2557; x_wconf 86' lang='lat' dir='ltr'>telum</span> <span class='ocrx_word' id='word_1_147' title='bbox 586 2513 637 2577; x_wconf 61' lang='lat' dir='ltr'>est,</span> <span class='ocrx_word' id='word_1_148' title='bbox 654 2496 708 2557; x_wconf 83' lang='lat' dir='ltr'>Sed</span> <span class='ocrx_word' id='word_1_149' title='bbox 723 2494 796 2559; x_wconf 89' lang='lat' dir='ltr'>hanc</span> <span class='ocrx_word' id='word_1_150' title='bbox 811 2517 926 2577; x_wconf 77' lang='lat' dir='ltr'>quoque</span> 
     </span>
     <span class='ocr_line' id='line_1_26' title="bbox 208 2575 929 2660; baseline 0.004 -23"><span class='ocrx_word' id='word_1_151' title='bbox 208 2615 210 2618; x_wconf 33' lang='lat' dir='ltr'>v</span> <span class='ocrx_word' id='word_1_152' title='bbox 257 2593 373 2660; x_wconf 79' lang='lat' dir='ltr'>gentem</span> <span class='ocrx_word' id='word_1_153' title='bbox 388 2575 464 2633; x_wconf 88' lang='lat' dir='ltr'>idem</span> <span class='ocrx_word' id='word_1_154' title='bbox 473 2576 591 2635; x_wconf 73' lang='lat' dir='ltr'>fortune</span> <span class='ocrx_word' id='word_1_155' title='bbox 602 2576 724 2653; x_wconf 88' lang='lat' dir='ltr'>impetus</span> <span class='ocrx_word' id='word_1_156' title='bbox 736 2577 858 2639; x_wconf 86' lang='lat' dir='ltr'>domuit.</span> <span class='ocrx_word' id='word_1_157' title='bbox 870 2581 929 2640; x_wconf 86' lang='lat' dir='ltr'>lta·</span> 
     </span>
     <span class='ocr_line' id='line_1_27' title="bbox 258 2653 928 2736; baseline 0.004 -19"><span class='ocrx_word' id='word_1_158' title='bbox 258 2676 315 2734; x_wconf 89' lang='lat' dir='ltr'>que</span> <span class='ocrx_word' id='word_1_159' title='bbox 325 2653 470 2735; x_wconf 83' lang='lat' dir='ltr'>trigesimo</span> <span class='ocrx_word' id='word_1_160' title='bbox 480 2654 540 2723; x_wconf 89' lang='lat' dir='ltr'>die,</span> <span class='ocrx_word' id='word_1_161' title='bbox 556 2673 739 2731; x_wconf 80' lang='lat' dir='ltr'>posteaquam</span> <span class='ocrx_word' id='word_1_162' title='bbox 755 2656 928 2736; x_wconf 83' lang='lat' dir='ltr'>aPersepoli</span> 
     </span>
     <span class='ocr_line' id='line_1_28' title="bbox 258 2733 930 2814; baseline 0.007 -20"><span class='ocrx_word' id='word_1_163' title='bbox 258 2734 401 2814; x_wconf 79' lang='lat' dir='ltr'>profectus</span> <span class='ocrx_word' id='word_1_164' title='bbox 416 2749 496 2801; x_wconf 83' lang='lat' dir='ltr'>erat,</span> <span class='ocrx_word' id='word_1_165' title='bbox 513 2733 616 2794; x_wconf 90' lang='lat' dir='ltr'>eodem</span> <span class='ocrx_word' id='word_1_166' title='bbox 628 2735 720 2798; x_wconf 85' lang='lat' dir='ltr'>rediit.</span> <span class='ocrx_word' id='word_1_167' title='bbox 728 2735 816 2796; x_wconf 86' lang='lat' dir='ltr'>Dona</span> <span class='ocrx_word' id='word_1_168' title='bbox 828 2736 930 2800; x_wconf 77' lang='lat' dir='ltr'>deinde</span> 
     </span>
     <span class='ocr_line' id='line_1_29' title="bbox 258 2811 930 2891; baseline 0.006 -16"><span class='ocrx_word' id='word_1_169' title='bbox 258 2811 519 2888; x_wconf 79' lang='lat' dir='ltr'>amicisceterisque</span> <span class='ocrx_word' id='word_1_170' title='bbox 527 2814 719 2891; x_wconf 85' lang='lat' dir='ltr'>procujusque</span> <span class='ocrx_word' id='word_1_171' title='bbox 728 2814 831 2874; x_wconf 90' lang='lat' dir='ltr'>merito</span> <span class='ocrx_word' id='word_1_172' title='bbox 841 2814 930 2878; x_wconf 86' lang='lat' dir='ltr'>dedit.</span> 
     </span>
     <span class='ocr_line' id='line_1_30' title="bbox 260 2890 932 2981; baseline 0.009 -28"><span class='ocrx_word' id='word_1_173' title='bbox 260 2890 473 2981; x_wconf 68' lang='lat' dir='ltr'>Propemodum</span> <span class='ocrx_word' id='word_1_174' title='bbox 488 2891 607 2966; x_wconf 82' lang='lat' dir='ltr'>omnia,</span> <span class='ocrx_word' id='word_1_175' title='bbox 625 2914 687 2975; x_wconf 82' lang='lat' dir='ltr'>quae</span> <span class='ocrx_word' id='word_1_176' title='bbox 701 2891 780 2958; x_wconf 86' lang='lat' dir='ltr'>inea</span> <span class='ocrx_word' id='word_1_177' title='bbox 794 2896 863 2959; x_wconf 85' lang='lat' dir='ltr'>urbe</span> <span class='ocrx_word' id='word_1_178' title='bbox 878 2900 932 2971; x_wconf 71' lang='lat' dir='ltr'>c&#39;e·⁴</span> 
     </span>
     <span class='ocr_line' id='line_1_31' title="bbox 260 2970 531 3052; baseline 0.007 -17"><span class='ocrx_word' id='word_1_179' title='bbox 260 2988 360 3052; x_wconf 67' lang='lat' dir='ltr'>pem,</span> <span class='ocrx_word' id='word_1_180' title='bbox 376 2970 531 3037; x_wconf 54' lang='lat' dir='ltr'>didimia·</span> 
     </span>
    </p>
   </div>
   <div class='ocr_carea' id='block_1_3' title="bbox 0 0 1354 4017">
    <p class='ocr_par' dir='ltr' id='par_1_3' title="bbox 0 0 1354 4017">
     <span class='ocr_line' id='line_1_32' title="bbox 0 0 1354 4017; baseline 0 0"><span class='ocrx_word' id='word_1_181' title='bbox 0 0 1354 4017; x_wconf 95' lang='lat' dir='ltr'> </span> 
     </span>
    </p>
   </div>
  </div>
 </body>
</html>
