2625 4017
195 266 1074 436 π

363 772 827 848 trs-o.cunr11d.r'r.
875 787 933 844 rat

250 869 389 990 §glosa-et
403 871 508 923 minacia
523 872 711 931 nuntiarentur,
724 872 884 937 procurandis
896 872 929 926 iis

281 943 343 989 raeco'
354 938 426 990 simul
437 941 587 1006 barbaroque
598 941 648 991 ritu
659 939 776 991 continua
785 958 853 992 satra
862 944 931 992 fuctae'

250 1021 319 1059 sunt.
344 1009 430 1071 Neque
449 1022 531 1058 tamen
555 1006 647 1072 explari
668 1015 827 1073 praeterqu'am
845 1015 930 1059 morte

249 1073 318 1139 tegis
338 1089 440 1137 potuere
457 1092 465 1133 ς
486 1073 526 1140 qui
549 1093 606 1125 eunt
630 1076 770 1125 Nearchum
790 1075 928 1140 excepisset¹

251 1139 375 1191 convivio
390 1177 398 1198 ,
417 1141 512 1207 jamque
527 1142 635 1193 cubitum
649 1141 728 1193 iturus
741 1149 825 1202 esset,
846 1141 927 1193 Medii

249 1207 360 1266 Larissai
381 1209 478 1260 obnixis
492 1210 604 1276 precibus
621 1208 710 1268 dedit,
728 1223 755 1260 ut
769 1212 799 1260 ad
812 1226 867 1264 eum
881 1225 929 1266 coa,

249 1291 385 1336 messatum
396 1277 503 1328 veniret.
517 1277 563 1327 ubi
574 1291 704 1344 postquam
717 1292 772 1327 rota
780 1293 856 1328 neore
867 1293 928 1353 ρςιι

248 1337 363 1409 potasset
373 1378 380 1401 ,
390 1346 453 1398 male
463 1343 549 1394 habero
558 1344 642 1409 coepit.
652 1350 825 1411 lngravescens
834 1343 928 1418 derude,

249 1409 353 1460 morbus
375 1412 437 1460 adeo
460 1428 544 1461 omnes
565 1411 632 1462 vires
654 1411 719 1462 intra
741 1421 835 1480 sextum
857 1412 928 1476 dienq

248 1475 379 1538 extrusis,
398 1494 425 1529 ut
438 1495 468 1528 ue
481 1480 552 1528 vocis
566 1477 663 1544 quidem
676 1493 786 1543 potestas
798 1494 870 1530 esset.
886 1483 928 1530 lu*

247 1545 318 1597 iere'a
333 1544 426 1596 milites
440 1546 610 1596 sollieitudine
625 1545 798 1611 desiderioque
812 1548 863 1610 ejus
877 1561 926 1597 ana

245 1611 303 1671 xii,
324 1630 458 1677 quanquam
476 1612 654 1664 obtestantibus
673 1612 777 1665 ducibus
786 1638 801 1671 ,·
812 1631 840 1666 ne
854 1619 926 1666 vale*

246 1680 358 1740 tudinem
377 1682 445 1748 regis
465 1698 613 1739 onerarent,
636 1692 826 1746 expresserunt,
849 1696 877 1732 ιιι
896 1680 925 1732 iu

245 1762 410 1816 conspectum
423 1749 474 1814 ejus
489 1748 687 1803 admitterentur.

253 1869 277 1896 ’ί
842 1863 845 1868 “
873 1865 886 1878 “’
917 1863 929 1896 l

254 1947 258 1956 ·
286 1912 380 1978 Cos.
402 1914 444 1977 V.
466 1914 641 1976 Intuentibus
661 1913 794 1992 laerymae
812 1915 926 1976 obotttd

238 1996 389 2073 praebuere
414 1995 538 2070 speciem
561 1996 620 2072 jam
642 2016 703 2055 non
724 2015 846 2074 regern,
873 1995 923 2056 sed

242 2074 331 2134 funus
342 2075 402 2152 ejus
413 2074 528 2133 visentis
539 2074 690 2136 exercitus.
701 2075 811 2135 lllloeror
821 2093 923 2134 tamen

242 2152 490 2214 circumstantium
504 2154 610 2213 lectum
626 2153 790 2216 eminebat:
803 2175 874 2231 quos
887 2172 921 2214 ut

242 2249 297 2292 rex
316 2233 443 2308 aspexit,
459 2229 633 2300 inuenietis,
649 2234 760 2308 inquit,
782 2253 843 2292 turn
863 2252 918 2291 eot-

242 2329 379 2380 cessero,
400 2309 513 2389 dignum
527 2309 628 2370 talibus
639 2311 713 2370 viris
726 2331 819 2388 regern
832 2312 848 2368 3
870 2311 920 2369 ln·

241 2389 378 2450 credibile
389 2390 465 2449 dictu
477 2389 646 2467 audituque,
658 2390 688 2448 in
699 2391 802 2448 eodem
816 2388 917 2448 habitu

242 2470 395 2545 corporis,
411 2469 440 2527 in
456 2487 542 2544 quern
561 2489 589 2528 se
606 2484 828 2545 composuerat,
847 2487 919 2527 cunr

241 2543 412 2609 admissurus
421 2549 525 2607 milites
536 2565 606 2607 esset
617 2585 633 2614 ‚⁴
645 2547 756 2606 durasse
767 2586 777 2614 ‚
794 2546 887 2606 donee
896 2566 923 2604 n·

241 2643 309 2687 toto
322 2627 450 2688 exercitu
466 2629 519 2687 illo
536 2627 570 2687 ad
580 2628 716 2686 ultimum
732 2626 917 2703 persalutatus

242 2724 310 2766 est:
330 2707 500 2784 dimissoque
519 2708 607 2785 vulgo
618 2746 628 2773 ,
650 2706 729 2766 velut
749 2705 829 2764 omni
849 2704 915 2764 vitae

239 2784 339 2846 debito
356 2786 511 2856 liberatus,
531 2786 648 2865 fatigata
664 2787 793 2844 membra
805 2783 914 2860 rejecit.

239 2860 414 2944 Propiusque
426 2862 506 2925 adire
517 2865 596 2943 jussis
606 2864 724 2933 amicis,
739 2884 806 2922 nam
815 2881 844 2922 er
855 2881 915 2922 vox

238 2942 362 3004 deficere
374 2944 435 3021 jam
445 2962 587 3021 coeperam
606 2946 762 3020 detraetum
774 2941 913 3000 annulum

236 3022 331 3101 dgito
341 3021 479 3084 Perdiccae
489 3023 623 3094 tradidit3
636 3021 753 3098 adjectis
762 3017 927 3102 mandatis„-

237 3117 271 3164 ιε
280 3121 379 3180 corpus
389 3122 466 3162 suum
478 3102 514 3162 ad
523 3100 704 3162 Hammonem
708 3096 784 3176 ferri
789 3097 912 3176 juberet.

236 3178 515 3264 fluitantibus&
535 3181 580 3247 cui
592 3176 913 3262 relinqueretregnumi,

701 3275 811 3358 Yyis
