2625 4017
421 553 623 621 LIBER
675 555 749 623 1-.v
867 560 926 640 ἰἰξ

253 657 385 739 eontpici
402 655 523 739 poterat.
540 660 594 720 Sed
609 660 739 750 caligo,
748 675 834 736 qnam
851 660 927 721 circe

252 739 365 800 humidi
378 739 531 801 effuderant
541 758 673 807 montes,
691 740 851 799 universam
864 740 927 815 qui·

230 827 234 834 '
252 820 323 880 dem
338 839 380 879 rer
371 820 499 880 faeiem
510 840 568 878 non
585 817 718 879 abstulit:
727 836 853 879 ceterum
871 838 926 910 ag·

252 898 539 959 mmumdtscrrrntna
548 914 631 975 atque
642 897 771 957 ordinent
781 894 928 973 prohibuit
1022 948 1030 959 .

251 976 388 1067 perspici.
409 968 563 1037 Mnititudo
579 976 764 1037 inundaverat
782 995 925 1052 campos:

251 1054 440 1133 fremitusque
449 1072 493 1115 tot
503 1056 628 1115 millium
636 1056 723 1115 etiarn
736 1055 834 1131 procul
846 1074 926 1114 stan·

251 1135 328 1195 ιιιιιιι
350 1154 432 1196 aures
453 1134 633 1212 impleverat.
660 1131 804 1192 fluctuari
826 1135 927 1195 animo

252 1232 328 1283 rex,
346 1230 377 1274 et
394 1214 485 1275 modo
502 1234 604 1281 suurn,
623 1211 716 1271 modo
731 1211 930 1274 Parmenionis

254 1290 426 1353 considium
441 1312 502 1353 sera
532 1292 717 1352 estimatione
742 1290 928 1381 perpendere.

254 1370 376 1464 Quippe
384 1392 421 1433 eo
429 1388 549 1434 ventum
559 1388 638 1438 erat,
659 1371 733 1431 unde
744 1388 832 1447 reerpr
843 1388 926 1431 exer

254 1452 328 1511 titur
346 1451 400 1511 nisi
418 1452 536 1518 victor,
561 1451 620 1511 sine
637 1450 718 1509 clade
741 1470 801 1510 non
820 1468 927 1525 posset.

255 1534 271 1605 (
286 1530 426 1593 Movebat
436 1530 524 1590 etiam
534 1549 601 1589 eum
611 1530 768 1589 multitudo
776 1528 925 1599 hostiurn,

252 1627 383 1687 respectu
391 1626 538 1687 paucitatts
547 1630 601 1668 suar
608 1627 718 1688 gentis
727 1608 773 1667 sed
783 1609 925 1668 interdum

252 1691 402 1767 reputabat
412 1730 424 1757 ,
442 1704 558 1765 quantas
567 1707 611 1746 res
621 1708 687 1746 curn
699 1685 752 1746 hac
762 1703 846 1766 gente
857 1705 924 1765 ges·

253 1769 349 1837 sisset,
363 1785 538 1844 quantosque
547 1767 671 1844 populoe
680 1765 802 1825 fudisset
813 1765 921 1841 ltaque,

252 1868 322 1908 cunr
347 1867 409 1924 spes
434 1864 544 1906 metum
570 1846 717 1914 vinceret,
740 1844 925 1935 periculosior

236 1927 365 1987 ‘bellurn
385 1924 494 1986 differre
513 1942 611 1993 ratur,
634 1945 673 1987 ne
692 1924 850 2003 desperatio
869 1924 925 1984 snit

252 2006 443 2096 creeceret3)
427 2004 633 2076 >dissimulato
649 2026 709 2073 eo,
729 2002 924 2063 mercenarium

245 2105 267 2146 ι
285 2084 371 2144 uitem
391 2103 427 2144 ete
447 2080 563 2144 Paeonia
581 2082 733 2161 precedere
754 2084 842 2160 jubet.
859 2083 923 2159 Ipse

251 2166 444 2244 plangent,
459 2165 530 2223 sicut
540 2179 622 2222 antea
633 2163 741 2222 dictum
752 2179 811 2230 est,
824 2162 853 2221 in
865 2162 922 2223 duo

253 2259 362 2305 cornua
370 2243 548 2303 extenderat:
558 2260 707 2332 utrumque
718 2260 805 2301 cornu
816 2242 923 2317 equitet

251 2342 281 2383 te
303 2325 399 2382 ebant.
421 2322 544 2413 Jarnque
566 2320 682 2380 nitidior
705 2321 777 2387 lux,
800 2320 923 2383 discussa

252 2344 403 2482 caiigine,
424 2402 516 2463 acient
539 2398 664 2459 hostiam
687 2397 872 2457 ostenderat.
892 2417 924 2460 et

252 2480 479 2572 Macedones,
459 2498 517 2541 srve
529 2480 693 2545 alacritate,
695 2477 765 2537 sive
776 2476 859 2537 taedio
870 2496 922 2538 ex·

197 2596 206 2615 .
250 2560 434 2638 pectationit,
445 2559 609 2639 ingentem,
621 2556 808 2637 pugnantium
820 2575 923 2628 more,

253 2638 375 2699 edidere
385 2640 554 2699 clamorem.
573 2636 707 2695 Redditus
722 2650 753 2694 et
768 2656 785 2695 a
805 2634 921 2705 Persis,

251 2738 373 2778 nemora
400 2718 545 2793 vallesque
576 2713 775 2805 circumjectas
802 2713 927 2775 terribili

245 2818 330 2857 tono
343 2797 522 2875 impleverat.
538 2795 629 2855 Nec
610 2811 679 2887 Jarn
698 2792 838 2853 contineri
858 2793 923 2853 ιιι·

252 2875 375 2936 eedones
391 2891 546 2953 poterant,
570 2873 638 2951 quin
657 2892 739 2933 cursu
757 2891 870 2949 quoque
884 2870 921 2931 ad

251 2954 367 3019 ιιοιιιιιι
384 2952 598 3023 contenderent,
614 2952 721 3017 Melius
737 2951 828 3017 adhuc
846 2967 924 3017 ratur
