2625 4017
312 650 396 716 bibiti
407 648 481 712 aditu
496 647 658 716 vertissent,
686 646 832 709 Asiaticis
844 642 985 709 modoini·

313 734 409 795 litibus
419 728 565 798 admissis,
583 728 740 808 lugubrem
752 728 826 788 totis
836 727 935 790 castris
943 724 989 786 edi·

313 813 380 873 bete
396 812 579 897 clamorem,
593 806 807 896 ‚mundantes
825 827 859 867 se
878 802 989 895 protinus

314 909 378 951 esse
391 906 556 955 morituros,
573 904 599 946 si
615 904 671 945 rex
682 902 892 964 perseueraret
907 900 991 960 trosti,

241 1019 245 1025 .
314 971 358 1032 At
374 970 425 1030 ille
441 964 595 1046 pervicacis
612 963 649 1023 ad
666 966 774 1026 omnia
786 988 855 1043 quae
873 964 992 1046 agitasset

314 1048 429 1116 animi,
454 1047 661 1126 peregrinorum
684 1042 813 1106 militum
841 1042 992 1105 concionem

315 1124 447 1188 aduocari
465 1125 562 1203 jubet,
583 1118 796 1184 Macedonibus
812 1122 896 1184 intro
914 1140 994 1184 rostro

316 1203 448 1267 cohibitis
463 1229 473 1264 .·
487 1220 515 1263 et
526 1224 592 1263 cum
602 1200 767 1277 frequentes
778 1204 936 1272 coissent,
952 1201 993 1262 ab·

315 1285 409 1346 bibito
425 1285 575 1360 interprete
592 1280 682 1341 talem
701 1282 881 1344 orationem
897 1280 994 1343 habuit.

318 1362 391 1425 Cum
401 1384 437 1423 ex
448 1359 560 1440 Europa
570 1356 727 1436 trajicerent
738 1358 774 1419 irt
783 1359 919 1434 Asiam,
936 1358 994 1420 mui·

317 1460 363 1503 tos
376 1438 482 1501 nobiles
494 1456 618 1520 gentes,
638 1438 772 1516 mugitum
790 1438 853 1500 uim
865 1439 994 1505 bominum

316 1520 432 1600 imperio
448 1539 506 1579 meo
523 1538 565 1578 me
582 1514 740 1577 additurum
754 1538 823 1579 esse
845 1518 995 1599 sperabam.

317 1600 385 1663 Nec
408 1597 537 1678 deceptus
559 1617 645 1665 sum,
670 1592 742 1672 quod
765 1594 804 1657 de
825 1594 876 1659 bis
901 1594 995 1659 credidi

312 1677 413 1757 fomae.
437 1675 494 1738 Sed
517 1674 554 1735 od
574 1673 625 1734 iila
649 1672 700 1735 boc
721 1694 832 1753 quoque
856 1676 997 1741 accessit,

306 1758 390 1839 -quod
401 1755 580 1832 uideofortes
591 1752 666 1815 uiros
685 1773 756 1844 ergo
767 1774 857 1834 reges
869 1777 938 1817 suos
948 1756 998 1827 pie·
1033 1801 1035 1816 .

317 1837 389 1898 totis
409 1834 532 1896 inuicto.
553 1830 637 1893 Luxu
654 1852 747 1891 omnio
756 1832 862 1913 fluere,
879 1832 998 1897 credide

319 1937 379 1976 rom
386 1937 399 1988 ;
412 1932 439 1974 et
447 1910 680 1987 rimiofelicitote
690 1911 780 1989 mergi
791 1912 823 1971 irr
832 1913 999 1994 uoluptates.

318 1993 361 2055 At
380 1990 489 2054 hercule
511 1989 605 2051 muria
629 1988 740 2051 militie
768 1988 824 2051 boc
847 1993 998 2054 animorum

316 2092 508 2153 corporumque
519 2068 614 2130 robore
624 2089 699 2145 aeoue
711 2068 833 2148 impigre
847 2071 998 2141 tolerarim

321 2170 349 2213 ec
365 2174 425 2214 cum
434 2149 528 2226 fortes
544 2148 601 2211 uiri
620 2145 707 2215 sitis,
728 2167 785 2207 nort
797 2146 999 2223 fortitudinem

319 2233 436 2313 magis,
458 2250 537 2310 quom
545 2225 636 2307 fidem
652 2225 756 2286 colitis.
776 2225 844 2289 Hoc
859 2250 877 2289 e
900 2252 917 2290 o
935 2247 999 2297 nuru

316 2312 436 2393 primum
446 2305 599 2389 profiteor,
620 2303 670 2365 sed
687 2304 753 2365 olim
768 2307 846 2370 scio.
860 2251 963 2389 licique
977 2323 1000 2367 et

320 2389 457 2451 delectum
475 2409 490 2448 e
510 2385 587 2447 uobis
603 2382 745 2463 juniorum
767 2382 883 2459 bobui‚·
908 2405 1001 2448 eruor

319 2489 442 2530 meorum
465 2464 582 2527 miiitum
602 2462 709 2543 corpori
734 2463 897 2528 immiscui.
928 2464 1000 2526 idem

318 2547 450 2618 babitus,
460 2545 554 2606 eadem
564 2562 641 2604 ormo
649 2558 714 2602 sunt
723 2540 804 2605 uobis
816 2570 827 2605 .·
840 2544 1000 2624 obsequium

319 2647 389 2690 uero
405 2644 432 2686 et
442 2623 582 2706 patientia
594 2620 702 2702 imperii
720 2619 804 2710 lorge
821 2624 1003 2703 praestorttior

280 2774 283 2780 ,
322 2723 390 2775 est,
416 2725 496 2785 quom
522 2702 635 2764 ceteris.
666 2697 743 2780 Ergo
770 2720 836 2789 ipre
863 2700 1002 2764 Oxotbno

321 2782 422 2846 Persae
429 2781 525 2861 filiam
541 2801 644 2842 mecum
657 2778 687 2839 itt
703 2780 882 2841 matrimonio
896 2781 1003 2861 junxi,

320 2884 378 2925 nort
399 2861 565 2941 dedignatus
585 2881 622 2921 ex
639 2858 752 2938 captiuo
769 2856 875 2920 liberos
899 2860 1004 2922 tollere.

320 2941 397 3003 vMoto
408 2940 508 3001 deinde
521 2960 581 3001 cum
597 2938 713 3019 stirpem
722 2937 839 3017 generis
850 2940 909 2999 mei
920 2939 1004 2999 latiur

321 3039 475 3103 propagare
497 3038 644 3101 cuperem,
665 3036 780 3083 morem
799 3017 893 3086 Darii
908 3017 1005 3101 filiu
