2625 4017
325 577 356 612 22
430 558 457 612 J.
491 558 683 610 FREINSH.
717 558 911 612 SUPPLEM.

323 646 455 704 incolunt,
475 644 607 711 castigaret
622 664 629 696 ε
644 661 747 710 namque
757 646 893 711 Cyrrhaeum
908 662 993 713 agrurn

246 763 250 772 ,
322 712 442 780 Apollini
464 712 589 773 dicatum,
607 713 821 779 Amphictyonum
845 714 994 765 auctoritate

323 795 465 836 contemta,
484 780 568 831 coiere
584 781 790 845 perseverabant3
809 781 944 847 ducemque
964 784 997 832 ab

324 848 363 900 his
372 862 498 906 creatum,
516 846 653 898 interemtis
668 845 827 914 quibusdam,
846 850 995 901 vulnerave-

323 931 389 967 rant.
403 918 461 965 Erat
475 929 527 965 tum
539 914 656 979 Philippo
671 916 748 965 foedns
763 932 818 966 eum
832 916 996 967 Atheniensi·

276 1010 278 1014 ·
323 984 384 1043 bns,
397 983 439 1032 sed
456 998 539 1047 parum
554 980 580 1031 in
595 999 625 1032 eo
642 981 747 1045 presidii
765 987 870 1033 futurum
888 984 996 1035 arbitra·

307 1064 309 1068 ⁴
323 1052 429 1108 bantur,
446 1048 465 1097 si
476 1049 527 1116 regi
537 1047 659 1101 violanda
675 1048 732 1100 fidei
747 1066 839 1100 merces
853 1051 993 1103 affulsisset.

323 1117 403 1186 Igitur
417 1118 514 1181 legatos
530 1119 561 1169 ad
576 1117 655 1182 ipsum
670 1117 794 1176 mittunt,
811 1117 951 1182 petituros,
966 1136 993 1171 ut

319 1188 403 1255 pactis
418 1200 495 1237 staret
504 1206 515 1249 ,·
533 1202 576 1237 aut
593 1200 656 1237 certe
674 1200 730 1237 anre
743 1201 788 1236 ver
803 1187 915 1237 adultum
932 1188 994 1239 nihil

323 1254 410 1321 hostile
423 1254 560 1305 moliretur.
576 1252 774 1304 Deliberaturum
785 1254 873 1304 interea
878 1258 996 1322 populum

325 1320 509 1378 Atheniensem,
529 1334 574 1385 qua
583 1320 676 1370 ratione
686 1322 875 1378 controversie,
894 1337 944 1385 quae
954 1319 993 1369 in·

324 1386 452 1440 emerant,
469 1387 576 1452 componi
582 1402 686 1454 possent.
705 1386 799 1436 Thebas
816 1403 911 1452 quoque
927 1389 995 1452 iega-

325 1454 419 1505 tionem
437 1451 585 1511 decernunt,
601 1468 653 1517 qua
668 1453 780 1517 exposito
796 1456 916 1506 communi
928 1456 995 1522 peri·

322 1524 401 1578 culo,
424 1518 587 1579 hortaretur,
609 1537 637 1572 ut
650 1521 724 1572 simul
741 1538 795 1571 cum
813 1522 871 1589 ipsis
892 1525 994 1573 tutelam

325 1588 428 1639 Graetiae
443 1589 596 1655 susciperent.
615 1588 663 1636 Sed
677 1586 805 1652 Philippus
820 1604 863 1651 per
882 1588 995 1653 hospites

325 1653 470 1714 mamitos,
486 1671 589 1720 quorum
603 1653 744 1712 Timolaus,
764 1655 956 1721 Theogitonque
969 1671 996 1707 et

258 1765 260 1770 .
325 1723 467 1773 Anemoetas
479 1721 612 1786 plurimum
628 1723 694 1785 apud·
707 1721 774 1773 cives
788 1740 845 1772 suos
856 1739 972 1787 poterant
987 1760 994 1783 ,

326 1790 455 1840 Thebanos
469 1788 495 1839 in
509 1788 617 1840 amicitia
630 1790 793 1840 Macedonum
803 1790 937 1841 continuit.
946 1794 1000 1843 Ra·

326 1873 436 1923 tusque,
458 1855 479 1905 si
495 1875 550 1907 cum
568 1855 628 1907 solis
648 1857 840 1907 Atheniensibus
857 1862 936 1908 sutura
957 1875 996 1909 res

327 1939 407 1983 esset,
424 1922 498 1973 facile
511 1940 538 1975 se
552 1922 703 1988 superiorem
717 1928 787 1983 fore,
802 1925 876 1975 victis
892 1927 921 1975 ad
932 1926 999 1976 Am·

326 1990 433 2057 pirissam
450 1992 536 2042 Locris
551 2008 684 2056 eorumque
699 1991 793 2051 sosiis‘3
814 1991 840 2042 in
857 1992 998 2043 Phocidem

326 2058 416 2123 raptim
426 2061 501 2109 ducto
516 2058 630 2125 agmine,
646 2059 755 2109 Elateam
764 2058 851 2109 finibus
864 2060 998 2110 Thebano-

327 2143 381 2178 rum
399 2126 471 2177 simul
487 2124 724 2191 Atheniensiumque
736 2125 904 2177 imminentem
922 2145 1000 2177 occu·

326 2196 389 2259 pat,
408 2192 575 2259 impositoque
592 2192 730 2259 presidio,
750 2194 859 2246 velutin
876 2194 937 2245 beili
955 2212 998 2245 se-

327 2264 405 2321 dem,
429 2260 545 2326 operibus
566 2260 655 2313 munit.
671 2263 728 2323 Ejus
749 2261 790 2316 te‘e
802 2260 901 2312 nuntius
919 2261 1000 2313 noctu·

326 2330 438 2380 Athenae
456 2329 563 2393 perlatus
580 2344 646 2380 tanta
661 2327 827 2394 trepidatione
842 2331 926 2379 urbem
948 2330 1009 2384 im-.

327 2395 425 2474 plevit3
449 2410 476 2446 ut
491 2412 547 2474 oum
561 2395 769 2474 primo'dilucuio
778 2398 885 2461 populus
900 2398 926 2447 in
936 2413 995 2449 con·

326 2480 424 2515 etonem
442 2478 571 2522 vemsset‚
595 2479 718 2516 invitante
736 2482 766 2515 ex
786 2480 853 2515 more
866 2480 995 2529 praecone,

327 2533 368 2599 qui
384 2536 492 2584 salutare
505 2533 596 2601 patpiae
609 2534 736 2584 consilium
751 2532 863 2593 haberet,
880 2536 918 2585 uti
934 2534 996 2585 dice·

326 2613 384 2659 ret,
401 2615 473 2649 nemo
489 2597 728 2649 surrexerit.Donec
738 2599 919 2650 Demosthenes
935 2615 997 2649 con·

326 2666 438 2731 gruentia
452 2665 560 2731 tempori
577 2665 711 2723 disserens,
725 2664 862 2731 persuasit,
876 2684 905 2719 ut
919 2668 930 2718 ἔ
942 2686 999 2720 ves·

327 2734 390 2801 rigio
406 2735 493 2784 classis
510 2749 533 2786 st
547 2735 666 2785 exercitus
685 2738 838 2787 educerentur
847 2755 858 2798 ,·
874 2752 898 2788 et
919 2734 997 2787 levari·

327 2813 380 2850 rum
396 2802 428 2851 aa
443 2816 531 2852 ceteros
547 2800 662 2859 Grecos,
681 2818 733 2853 tram
754 2802 865 2870 inprimis
886 2802 917 2852 ad
984 2829 999 2841 ·

257 2912 259 2915 ,
325 2865 400 2917 banos
419 2867 583 2920 mitterentur.
601 2871 632 2918 In
651 2868 711 2918 hanc
730 2866 875 2920 sententiam
892 2870 1000 2919 decreto-

326 2933 412 2993 ἕπετο,
427 2931 518 3001 Chares
532 2948 558 2983 et
571 2935 680 3002 lysicles
694 2935 820 3002 copiarum
834 2934 1001 3000 imperatores

326 2998 458 3053 constituti
465 3015 476 3064 ς
491 3001 672 3056 Demosthenes
684 3003 817 3073 legationis
826 3004 858 3058 ad
865 3003 1001 3056 Thebanos
