2625 4017
406 566 597 643 LIBER
636 580 765 650 Vtin·
860 589 918 658 '441

248 680 338 746 etiam
360 679 389 742 in
408 698 482 742 tecta
502 683 628 743 saevitum
651 699 704 746 est.
726 681 794 744 lnde
813 681 924 746 domita

249 762 373 840 ignobili
382 780 487 844 gente,
501 762 535 822 ad
546 763 656 840 Nysam
667 764 768 823 urbem
779 763 922 840 pervenit·

249 839 339 903 forte
356 841 451 902 castris
466 858 532 902 ante
550 844 656 904 moenia
675 842 733 918 ipsa
755 843 784 901 in
801 841 922 903 silvestri

247 923 319 982 loco
334 919 451 999 positis,
476 936 647 983 nocturnum
663 922 748 1002 frigus
762 921 921 983 vehemen-

246 1001 304 1062 tius
323 1022 409 1078 quarn
427 999 497 1060 alias
515 999 635 1062 horrore
656 1021 778 1078 corpora
798 1000 919 1073 affecit,

248 1097 499 1158 opportunumque
521 1081 678 1143 remedium
697 1080 771 1162 ignis
791 1083 922 1142 oblatum

247 1178 302 1222 est.
318 1159 405 1221 Caesis
414 1159 517 1237 quippe
526 1160 603 1223 silvis
613 1160 760 1222 flammam
774 1161 921 1222 excitave-

247 1256 337 1300 runt:
353 1257 413 1317 quae
433 1240 493 1320 igni
511 1240 579 1300 alita
598 1240 807 1318 oppidanorum
824 1240 920 1317 sepul·

247 1319 316 1381 cirta
342 1318 567 1396 comprehendit.
595 1321 715 1383 Vetusta
738 1317 824 1380 cedro
845 1320 920 1381 facte

248 1415 349 1469 erant,
368 1417 596 1478 conceptumque
613 1401 711 1482 ignem
727 1400 784 1458 late
800 1398 916 1471 fitdere3

246 1480 341 1539 donec
356 1478 452 1538 omnia
465 1479 528 1540 solo
539 1500 646 1556 aequara
658 1497 732 1540 sunt.
748 1478 785 1539 Et
800 1498 836 1540 ex
850 1481 920 1539 urbe

244 1560 371 1636 primurn
381 1578 485 1618 canum
498 1559 632 1630 latratus,
650 1559 750 1619 deinde
762 1559 849 1619 etiam
863 1557 920 1617 ho·

245 1639 359 1697 minum
375 1638 501 1697 fremitus
513 1637 622 1699 auditus
632 1656 685 1700 est.
700 1640 779 1699 Tum
793 1655 821 1697 et
837 1637 920 1715 oppi-

246 1717 313 1777 dani
324 1716 455 1788 hostem;
469 1733 497 1776 et
509 1718 681 1779 Macedones
691 1718 766 1795 ipsos
775 1716 808 1776 ad
820 1720 920 1776 urbem

245 1796 358 1858 venisse
373 1814 561 1876 cognoscunt.
571 1798 694 1876 Jamque
705 1799 767 1858 Rex
785 1797 921 1858 eduxerat

244 1872 361 1953 copias,
373 1894 402 1936 et
411 1876 514 1937 moenia
526 1876 688 1951 obsidebatt
701 1898 767 1938 curn
776 1876 919 1947 hostium,

243 1957 293 2033 qui
302 1956 449 2016 discrimen
459 1965 652 2028 tentaverant,
668 1958 759 2018 obruti
769 1957 833 2017 telis
842 1973 917 2017 sunt.

244 2036 321 2096 Aliis
338 2057 407 2117 ergo
423 2035 595 2097 deditionem
611 2058 621 2109 3
643 2038 706 2098 aliis
720 2057 846 2120 pugnam
864 2057 920 2096 ex·

243 2114 331 2195 periti
344 2119 493 2193 placebat3
509 2135 630 2190 quorum
642 2115 817 2175 dubitatione
832 2136 919 2174 com-

242 2211 323 2274 perta
336 2192 529 2255 circumsideri
543 2211 648 2254 taurum
659 2213 727 2264 eos,
746 2213 774 2255 er
784 2191 920 2253 abstineri

242 2272 367 2334 caedibus
380 2273 467 2345 iussit.
482 2272 670 2351 Tandemque
686 2273 840 2333 obsidionis
854 2294 918 2334 ma·

243 2355 281 2414 lis
292 2352 401 2432 fatigati
414 2351 543 2413 dedidere
553 2370 595 2411 se.
610 2350 637 2411 A
648 2349 750 2411 Libero
760 2369 841 2490 parre
853 2371 921 2411 eon·

242 2431 319 2493 ditor
336 2452 367 2492 se
385 2451 447 2491 esse
461 2432 611 2504 dicebant3
632 2449 662 2493 et
676 2452 742 2493 vera
781 2453 819 2492 aec
833 2431 918 2513 origo

242 2529 314 2572 emt.
335 2511 394 2571 Sita
409 2530 451 2572 est
465 2513 515 2571 sub
531 2512 669 2573 radicibus
680 2511 808 2580 inontis,
830 2531 917 2588 quem

242 2589 346 2651 Meron
358 2590 460 2651 incolae
473 2592 629 2668 appellant.
644 2591 714 2652 inde
729 2589 824 2651 Graeci
837 2609 920 2650 men-

241 2670 332 2730 tiendi
345 2687 453 2732 traxere
464 2671 610 2731 licentiam
623 2712 633 2740 ‚
652 2669 735 2734 Jovis
745 2667 853 2745 femine
864 2666 919 2729 Li·

242 2748 338 2809 berum
346 2768 454 2829 patrem
465 2770 528 2810 esse
539 2747 666 2813 celatum.
676 2750 739 2809 Rex
750 2751 803 2810 situ
813 2749 919 2809 montis

242 2830 362 2909 cognito
384 2851 419 2891 ex
438 2828 566 2898 incolis,
589 2852 656 2891 cum
678 2847 742 2890 toto
764 2829 918 2900 exercitu,

241 2907 390 2988 premissis
404 2909 631 2979 commeatibus,
644 2910 783 2972 verticem
799 2908 858 2976 cius
873 2929 922 2968 ao·-

245 2989 351 3056 cendit.
366 2990 460 3055 Multa
471 2988 575 3052 hedera
587 2991 709 3070 virisque
720 3007 784 3054 toto
794 2989 920 3071 gignittu
