2625 4017
494 542 688 609 LIBER
727 545 820 609 ΙΙΙ.
944 568 995 627 131

321 642 458 725 lectisque
476 643 607 707 amiculo
625 665 654 709 et
671 647 759 707 literis
780 663 846 708 ante
865 645 997 721 lectumg

320 724 406 794 Rex,
425 720 540 802 inquit,
556 745 665 807 semper
675 722 909 807 quidemspiritus
919 744 998 787 meus

322 827 356 865 ex
372 821 401 864 te
414 801 571 883 pependit,
590 803 640 865 sed
660 823 732 865 nunc
747 825 834 875 uere,
852 804 994 877 arbitror,

320 903 398 943 sacro
421 898 452 941 et
476 881 630 943 venerabili
656 899 704 945 ore
728 882 855 947 trulritus.
881 882 994 948 Crimen

317 958 493 1041 parricidii,
521 960 592 1099 good
609 961 679 1023 milti
700 960 831 1041 objectum
851 984 916 1034 ess,
945 981 993 1028 tue

319 1040 395 1101 salus
406 1037 507 1102 diluet.
545 1058 654 1102 strutus
669 1063 686 1103 a
700 1062 743 1102 me
755 1041 841 1103 ritum
857 1040 923 1102 milui
938 1041 990 1103 de·

319 1119 406 1183 deris.
430 1116 516 1190 Oro,
538 1140 704 1202 quaesoque,
729 1120 831 1181 omisso
851 1138 922 1182 metu
940 1142 993 1202 pu·

318 1218 373 1259 tere
400 1196 631 1259 medicamentum
656 1199 764 1279 concipi
789 1197 881 1260 uenis.
907 1196 991 1262 Loxe

315 1277 457 1417 paulisger
469 1277 610 1348 animum,
629 1300 706 1358 quem
721 1278 914 1368 intempestivo
930 1276 991 1339 sol-

317 1356 396 1417 lieitu
417 1356 465 1418 ine
483 1357 567 1417 umiei
582 1377 651 1418 sane
658 1354 781 1436 fideles,
801 1355 855 1418 sed
874 1355 990 1419 moleste

316 1434 406 1496 seduli
431 1435 555 1497 turbant.
579 1437 650 1497 Non
669 1458 798 1498 securum
815 1436 904 1497 modo
927 1435 987 1500 haec

316 1536 397 1583 vox,
414 1516 562 1577 sedetiam
577 1517 674 1577 letum
688 1536 804 1596 regem,
825 1537 858 1577 ac
867 1517 986 1594 plenum

317 1597 397 1655 bonae
418 1596 481 1676 spei
495 1596 574 1657 fecit.
590 1596 710 1674 ltaque,
732 1595 759 1654 si
776 1593 851 1664 Dii,
871 1596 984 1675 inquit,

317 1670 468 1757 Philippo,
489 1673 540 1733 tibi
558 1672 772 1755 permisissent,
791 1694 843 1753 quo
864 1675 986 1736 maxime

316 1752 392 1813 modo
414 1754 537 1815 animum
554 1751 641 1815 uelles
660 1752 779 1834 experiri
801 1774 909 1823 meum,
930 1751 988 1814 olio

315 1830 441 1912 profecto
454 1830 592 1894 voluisses
613 1859 623 1896 .·
642 1832 694 1893 sed
705 1831 824 1894 certiore
839 1854 919 1913 quum
929 1852 984 1893 ex·

312 1930 409 1991 pertus
421 1934 472 1982 es,
483 1933 518 1971 ne
530 1930 655 1994 optasses
666 1911 784 1984 quidem.
795 1911 858 1973 Hoc
869 1910 985 1991 epistolu'

315 2010 449 2072 occepta,
475 2009 587 2062 tumen,
605 1991 675 2071 quod
692 1990 836 2060 dilueres,
855 1990 923 2052 lidi.
944 1987 985 2050 Et

314 2070 502 2141 annuende,
521 2092 563 2131 me
583 2092 637 2131 non
660 2070 750 2130 minus
769 2091 819 2207 lm
838 2089 886 2152 tue
894 2067 985 2147 fide,

316 2170 393 2226 quom
407 2172 461 2231 pro
478 2171 538 2210 meu
554 2148 642 2209 solute
656 2170 718 2210 esse
735 2147 896 2212 solicitum.
912 2148 984 2211 Haec

316 2232 443 2291 elocutus
452 2228 719 2367 dextramPhiliqpo
729 2226 820 2290 offert.
829 2228 984 2298 Ceterum,

316 2325 391 2370 tanta
402 2310 448 2372 vis
463 2309 657 2369 medicaminis
682 2309 742 2377 uit,
763 2326 794 2368 ut
810 2329 870 2384 quae
888 2327 983 2368 secuta

316 2405 396 2459 sunt,
420 2387 651 2449 criminationem
663 2386 858 2448 Parmenionis
870 2385 986 2464 adjuve-
1024 2408 1028 2415 ¹

316 2467 378 2529 sint.
389 2469 561 2529 Interclusus
571 2466 682 2545 spiritus
692 2486 768 2527 arcte
781 2466 906 2526 meabat.
917 2462 947 2522 N
949 2480 985 2524 ec

315 2542 458 2625 Philippus
485 2545 638 2625 quidquam
665 2547 846 2623 inexpertum
875 2541 985 2606 omisit.

316 2622 365 2685 llle
374 2627 504 2689 fomenta
513 2625 628 2704 corpori
638 2625 786 2696 admovit;
804 2624 853 2682 ille
863 2642 982 2698 torpen-

316 2718 392 2775 tem,
410 2704 572 2771 nunccibi‚
592 2725 668 2764 nunc
686 2705 745 2766 vini
763 2704 850 2764 odore
868 2702 980 2763 excita·

316 2782 363 2843 vit.
386 2787 482 2863 Atque
499 2801 531 2845 ut
549 2784 674 2860 primum
691 2782 793 2844 mentis
813 2789 981 2860 compotem

318 2880 370 2923 esse
381 2866 483 2938 sensit3
496 2862 586 2925 modo
599 2860 697 2923 mattis
708 2879 900 2937 sororumque;
916 2880 982 2926 mo.-

318 2938 350 3002 lo
368 2958 454 3009 tantm
472 2940 599 3009 victorie
619 2939 858 3027 appropinquantis
877 2940 981 3030 admop
