2625 4017
326 685 327 688 ’
387 681 448 759 ejus
466 674 568 758 offerre
577 677 709 757 possint?
725 679 840 739 Etcum
858 678 922 738 finis
932 676 1073 756 lacrymis

388 761 565 837 querelisque
584 778 643 817 non
666 757 774 830 fieret3
804 759 879 834 jussu
901 759 1070 822 amicorum

385 859 488 915 corpus
502 838 628 897 ablatum
640 855 691 897 est.
704 839 768 897 Rex
777 837 902 897 triduum
913 838 1001 909 iacuit
1015 839 1066 897 in-

385 918 488 977 clusus.
502 915 600 993 Quem
613 933 644 976 ut
654 916 787 997 armigeri
799 919 984 995 corporisque
996 938 1066 977 cus·

387 996 468 1055 rodes
491 997 525 1055 ad
542 996 724 1055 moriendum
741 997 914 1055 obstinatum
929 1017 990 1056 esse
1009 1018 1067 1056 co-

388 1093 570 1157 gnoverunt3
590 1075 712 1135 universi
732 1075 761 1133 in
786 1076 1002 1135 tabernaculum
1025 1077 1068 1135 ir-

386 1173 532 1233 rumpunt,
539 1154 640 1230 diuque
648 1153 776 1231 precibus
784 1174 884 1213 eorum
893 1158 1066 1215 reluctatum

354 1298 356 1301 ,
386 1236 623 1326 aegre·vicerunt,
639 1252 671 1293 ut
687 1232 782 1292 cibum
793 1252 917 1309 caperet.
935 1233 1066 1311 Quoque

386 1334 480 1374 minus
495 1313 574 1372 caedis
585 1312 720 1388 puderet,
734 1311 797 1388 jure
811 1310 986 1387 interfectum
999 1311 1067 1373 Cb·-

385 1409 443 1452 turn
458 1392 629 1451 Macedones
639 1391 814 1460 decernunt,
834 1393 976 1468 sepultura
987 1414 1067 1469 quo-

305 1512 308 1519 ·
384 1491 439 1548 que
462 1470 651 1547 prohibituri,
669 1470 705 1528 ni
725 1490 775 1528 rex
797 1468 906 1530 humari
929 1471 1071 1547 jussisset.

384 1550 475 1631 lgirur
484 1551 583 1609 decern
594 1550 690 1608 diebus
700 1548 826 1608 maxime
837 1550 871 1608 ad
882 1550 1066 1609 confirman-

385 1631 454 1690 dum
467 1630 605 1708 pudorem
617 1629 690 1705 apud
702 1627 872 1688 Maracanda
882 1629 1041 1689 consumtis
1054 1649 1066 1700 ;

385 1730 453 1770 curn
471 1726 549 1787 parte
561 1709 699 1769 exercitus
711 1707 944 1785 Hephaestionem
962 1707 993 1767 in
1014 1728 1065 1767 re-

361 1820 365 1828 ·
407 1789 503 1848 'onem
518 1789 697 1849 Bactrianam
715 1786 814 1857 misit,
838 1805 1017 1848 commeatus
1035 1786 1067 1845 in

408 1868 511 1927 'emem
537 1885 711 1944 paraturum.
738 1864 838 1944 Quam
862 1866 945 1926 Clito
967 1883 1068 1927 autem

384 1946 573 2006 destinaverat
588 1944 767 2023 provinciam
784 1987 794 2013 ,
815 1947 952 2022 Amyntae
966 1946 1067 2006 dedit:

386 2026 445 2102 ipse
458 2024 591 2103 Xenippa
600 2026 741 2102 pervenit.
756 2023 878 2101 Scythiae
887 2024 1008 2085 confinis
1021 2041 1069 2085 est

384 2105 484 2185 tegio,
499 2105 696 2180 habitaturque
712 2104 837 2180 pluribus
854 2124 888 2164 ac
902 2104 1065 2181 frequenti-

384 2186 436 2245 bus
446 2182 536 2252 vicis,
553 2184 619 2262 quia
628 2186 739 2244 ubertas
750 2188 830 2243 terrae
841 2203 900 2243 non
913 2183 1066 2264 indigenas

383 2263 474 2324 modo
493 2263 617 2336 detinet;
634 2263 782 2322 sedetiam
804 2263 925 2324 advenas
947 2263 1068 2326 invitat.

383 2340 599 2403 Bactrianorum
616 2342 758 2410 exulum,
778 2343 879 2419 quiab
897 2342 1069 2405 Alexandro

384 2422 563 2490 defecerant,
579 2422 790 2498 receptaculum
800 2423 901 2484 fuerat.
917 2421 972 2482 Sed
983 2440 1068 2499 post-

384 2523 472 2581 quam
490 2503 601 2583 Regem
618 2501 772 2561 adventare
789 2519 969 2577 compertum
990 2519 1032 2561 est
1051 2524 1065 2576 3

383 2582 459 2661 pulsi
475 2583 509 2640 ab
531 2581 635 2641 incolis
653 2599 685 2637 11
704 2579 795 2639 millia
820 2582 878 2641 fere
900 2598 930 2640 et
943 2581 1061 2642 ducenti

384 2679 607 2748 congregantur.
615 2659 729 2719 Omnes
741 2660 846 2735 equites
858 2676 955 2727 erant,
971 2660 1063 2722 etiarn

384 2740 415 2801 in
431 2760 501 2818 pace
511 2740 667 2800 latrociniis
677 2739 789 2799 assueti.
805 2739 883 2798 Tum
894 2739 1002 2799 ferocia
1016 2740 1067 2799 in-

384 2822 469 2900 genia
483 2839 542 2880 non
553 2820 661 2880 bellum
677 2818 785 2889 mod03
806 2818 851 2879 sed
869 2819 956 2878 eriam
968 2821 1063 2879 veniae

387 2900 546 2976 desperatio
557 2898 730 2961 efferaverat.
747 2899 844 2974 Itaque
858 2919 893 2958 ex
904 2899 1068 2976 improviso

385 2977 477 3044 adorti
486 2983 647 3060 Amyntam
656 2995 809 3057 praetorem
818 2978 996 3048 Alexandri,
1014 2978 1065 3039 diu

935 3082 938 3088 '
961 3096 1070 3157 anceps
