2625 4017
423 559 483 638 134
601 553 646 635 Q.
686 530 925 618 conari

422 674 487 720 sent
504 652 607 717 milites
619 653 684 715 noni
694 696 706 725 ,
724 675 791 734 qnos
808 675 844 716 ex
857 649 1026 714 Macedonia
1038 647 1093 713 od-

423 754 537 800 aentnre
559 732 706 794 constabat
716 753 731 808 ,·
749 732 904 795 Parmenio
928 753 982 793 non
1006 730 1092 791 aliurn

415 811 972 895 documpraelioaptioretnessecensebat.
1012 810 1093 891 uippe

421 893 486 954 iilic
499 893 641 971 utriusque
657 892 735 973 regis
751 892 966 973 copiasnutnero
997 908 1092 950 returns

418 993 523 1054 pares,
543 992 603 1030 tunt
616 970 753 1050 angustio
765 968 966 1031 multitudinem
977 990 1033 1030 non
1045 990 1093 1029 ca-

420 1068 527 1133 petent.
542 1047 694 1110 Planitietn
711 1048 781 1129 ipsis
792 1070 852 1109 tarn
870 1070 951 1129 osque
963 1069 1025 1109 etse
1042 1048 1090 1108 vi-

421 1130 546 1205 tandos,
568 1127 615 1188 ubi
637 1127 798 1197 circumiri,
823 1070 868 1189 nii
891 1127 1007 1208 ancipiti
1029 1129 1091 1188 atie

421 1208 536 1290 opprimi
554 1224 680 1287 possent.
705 1205 835 1277 Timere,
857 1228 892 1268 tte
908 1227 966 1266 non
987 1206 1090 1267 virtute

420 1283 561 1359 hostitnn,
587 1283 637 1345 sed
652 1283 818 1345 lassitudine
835 1306 887 1346 sua
904 1286 1091 1349 vincerentur.

420 1361 526 1427 Persas
546 1381 672 1425 recentes
693 1362 809 1423 subinde
830 1375 1032 1435 successuros,
1063 1362 1091 1425 si

420 1442 517 1505 laxius
538 1460 613 1503 stare
633 1441 797 1522 potuissent.
821 1443 919 1505 Facile
937 1444 1010 1505 ratio
1028 1461 1090 1505 tam

418 1523 537 1588 salubris
555 1522 667 1586 consilii
685 1540 800 1600 accepta
817 1540 870 1586 est.
895 1525 994 1601 Itaque
1013 1523 1089 1584 inter

420 1602 568 1682 angustias
589 1599 679 1661 saltur
702 1598 825 1661 hostem*
837 1622 869 1682 op
888 1602 956 1663 eriri
981 1602 1089 1668 statuit.

419 1681 489 1744 Erat
498 1683 526 1741 in
537 1681 662 1747 exercitu
671 1700 700 1740 te
723 1681 743 1740 's
754 1680 857 1741 Sisines
866 1622 1087 1758 iersesrquon·

419 1761 487 1821 dam
505 1784 523 1823 a
539 1769 657 1839 ptaetote
711 1760 789 1841 gypti
808 1761 906 1822 missus
924 1760 958 1821 ad
977 1761 1089 1839 Philip·

417 1838 511 1920 rium,
533 1840 668 1916 donisque
689 1858 718 1899 et
736 1839 817 1898 omni
836 1838 946 1901 honore
968 1843 1087 1911 cuitus,

416 1918 540 1979 exilium
561 1919 652 1995 patria
678 1917 742 1978 sede
765 1935 955 1981 mutaverat:
976 1939 1088 1982 secutus

410 1997 518 2076 jdeinde
529 1997 559 2057 in
570 1996 669 2057 Asiam
678 1997 873 2058 Alexandrum
883 2040 894 2067 ,
906 1998 980 2058 inter
988 1998 1087 2060 fideles

410 2077 512 2158 socios
521 2075 685 2137 habebatur.
696 2075 774 2136 Huic
784 2076 934 2154 epistolam
942 2077 1086 2140 Cretensis

417 2156 523 2224 miles,
542 2156 719 2235 obsignatam
730 2157 858 2225 annulo,
876 2158 955 2236 cujus
971 2158 1085 2239 signum

415 2229 490 2295 haud
503 2254 570 2295 sane
583 2251 686 2293 notum
701 2251 781 2303 erat,
800 2235 920 2296 tradidit.
934 2234 1086 2299 Nabarza·

409 2313 467 2374 'nes
477 2331 578 2391 praetor
587 2312 670 2373 Darii
679 2314 792 2373 miserat
801 2334 867 2374 eam
878 2355 888 2384 ,
902 2314 1084 2378 hortabatur-

405 2412 470 2470 -qtte
480 2393 619 2465 Sisinern3
634 2408 664 2449 ttt
673 2389 787 2471 dignum
796 2392 902 2472 aliquid
911 2392 1082 2466 nobilitate,

406 2481 448 2531 'ac
460 2469 582 2532 moribus
592 2470 652 2529 suis
668 2469 763 2531 ederet
780 2496 790 2531 .·
810 2492 909 2552 magno
924 2471 955 2531 id
967 2471 993 2533 ei
1011 2474 1083 2555 apud
1100 2524 1102 2528 ,

412 2545 694 2629 regemhonorifore.
710 2549 771 2609 Has
788 2549 881 2611 literas
895 2552 1019 2625 Sisines,
1037 2570 1083 2615 ut-

323 2657 325 2661 ·
413 2648 482 2706 pote
497 2630 652 2698 innoxius,
672 2627 706 2688 ad
724 2627 921 2691 Alexandnnn
940 2651 1012 2710 saepe
1030 2632 1080 2695 de·

399 2708 485 2789 ''ferre
494 2708 617 2770 tentavit
631 2731 640 2767 t
654 2707 701 2768 sed
711 2727 778 2767 cum
792 2710 915 2770 toteuris
928 2729 1082 2788 apparatu-¹

413 2807 468 2863 que
493 2788 561 2847 belli
585 2806 683 2867 regem
707 2786 814 2847 videret
838 2790 960 2871 urgeri,
987 2792 1080 2869 aptius

410 2865 527 2926 subinde
552 2885 664 2943 tempus
686 2883 863 2942 expectans,
889 2869 1079 2946 suspicionem

410 2943 475 3006 initi
504 2947 615 3012 sceiesti
644 2945 757 3005 consilii
783 2947 910 3027 praebuit.
942 2947 1079 3030 Namque
