<?xml version="1.0" encoding="UTF-8"?>
<!DOCTYPE html PUBLIC "-//W3C//DTD XHTML 1.0 Transitional//EN"
    "http://www.w3.org/TR/xhtml1/DTD/xhtml1-transitional.dtd">
<html xmlns="http://www.w3.org/1999/xhtml" xml:lang="en" lang="en">
 <head>
  <title>
</title>
<meta http-equiv="Content-Type" content="text/html;charset=utf-8" />
  <meta name='ocr-system' content='tesseract 3.04.00' />
  <meta name='ocr-capabilities' content='ocr_page ocr_carea ocr_par ocr_line ocrx_word'/>
</head>
<body>
  <div class='ocr_page' id='page_1' title='image "./qcurtiirufidere00rufugoog_0495.png"; bbox 0 0 2625 4017; ppageno 0'>
   <div class='ocr_carea' id='block_1_1' title="bbox 313 579 814 660">
    <p class='ocr_par' dir='ltr' id='par_1_1' title="bbox 313 579 814 660">
     <span class='ocr_line' id='line_1_1' title="bbox 313 579 814 660; baseline 0.004 -21"><span class='ocrx_word' id='word_1_1' title='bbox 313 583 371 650; x_wconf 61' lang='lat' dir='ltr'>aaa</span> <span class='ocrx_word' id='word_1_2' title='bbox 492 580 536 660; x_wconf 64' lang='grc' dir='ltr'>ᾳ</span> <span class='ocrx_word' id='word_1_3' title='bbox 575 579 814 658; x_wconf 78' lang='lat' dir='ltr'>cunrrr</span> 
     </span>
    </p>
   </div>
   <div class='ocr_carea' id='block_1_2' title="bbox 309 677 997 1628">
    <p class='ocr_par' dir='ltr' id='par_1_2' title="bbox 309 677 997 1628">
     <span class='ocr_line' id='line_1_2' title="bbox 313 677 997 763; baseline 0.009 -25"><span class='ocrx_word' id='word_1_4' title='bbox 313 680 409 739; x_wconf 89' lang='lat' dir='ltr'>necari</span> <span class='ocrx_word' id='word_1_5' title='bbox 424 679 532 755; x_wconf 80' lang='lat' dir='ltr'>jubent.</span> <span class='ocrx_word' id='word_1_6' title='bbox 542 680 658 757; x_wconf 86' lang='lat' dir='ltr'>Nuptiis</span> <span class='ocrx_word' id='word_1_7' title='bbox 669 677 796 748; x_wconf 81' lang='lat' dir='ltr'>coeunt,</span> <span class='ocrx_word' id='word_1_8' title='bbox 810 700 876 739; x_wconf 90' lang='lat' dir='ltr'>non</span> <span class='ocrx_word' id='word_1_9' title='bbox 890 699 997 763; x_wconf 85' lang='lat' dir='ltr'>genere</span> 
     </span>
     <span class='ocr_line' id='line_1_3' title="bbox 314 758 997 839; baseline 0.007 -22"><span class='ocrx_word' id='word_1_10' title='bbox 314 778 349 823; x_wconf 84' lang='lat' dir='ltr'>ac</span> <span class='ocrx_word' id='word_1_11' title='bbox 362 760 510 834; x_wconf 87' lang='lat' dir='ltr'>nobilitate</span> <span class='ocrx_word' id='word_1_12' title='bbox 521 759 699 837; x_wconf 85' lang='lat' dir='ltr'>conjunctis,</span> <span class='ocrx_word' id='word_1_13' title='bbox 717 759 765 819; x_wconf 84' lang='lat' dir='ltr'>sed</span> <span class='ocrx_word' id='word_1_14' title='bbox 778 758 874 820; x_wconf 89' lang='lat' dir='ltr'>electa</span> <span class='ocrx_word' id='word_1_15' title='bbox 889 782 997 839; x_wconf 88' lang='lat' dir='ltr'>corpo·</span> 
     </span>
     <span class='ocr_line' id='line_1_4' title="bbox 313 837 992 915; baseline 0.006 -19"><span class='ocrx_word' id='word_1_16' title='bbox 313 858 378 897; x_wconf 91' lang='lat' dir='ltr'>rum</span> <span class='ocrx_word' id='word_1_17' title='bbox 398 840 512 913; x_wconf 80' lang='lat' dir='ltr'>specie;</span> <span class='ocrx_word' id='word_1_18' title='bbox 537 841 600 915; x_wconf 90' lang='lat' dir='ltr'>quia</span> <span class='ocrx_word' id='word_1_19' title='bbox 619 840 718 899; x_wconf 88' lang='lat' dir='ltr'>eadem</span> <span class='ocrx_word' id='word_1_20' title='bbox 733 837 891 898; x_wconf 70' lang='lat' dir='ltr'>estimatur</span> <span class='ocrx_word' id='word_1_21' title='bbox 906 841 937 899; x_wconf 88' lang='lat' dir='ltr'>in</span> <span class='ocrx_word' id='word_1_22' title='bbox 954 841 992 900; x_wconf 90' lang='lat' dir='ltr'>li-</span> 
     </span>
     <span class='ocr_line' id='line_1_5' title="bbox 314 916 992 997; baseline 0.006 -22"><span class='ocrx_word' id='word_1_23' title='bbox 314 918 397 978; x_wconf 88' lang='lat' dir='ltr'>beris.</span> <span class='ocrx_word' id='word_1_24' title='bbox 407 918 500 996; x_wconf 86' lang='lat' dir='ltr'>Hujus</span> <span class='ocrx_word' id='word_1_25' title='bbox 506 919 597 997; x_wconf 87' lang='lat' dir='ltr'>gentis</span> <span class='ocrx_word' id='word_1_26' title='bbox 604 917 756 997; x_wconf 80' lang='lat' dir='ltr'>oppidum,</span> <span class='ocrx_word' id='word_1_27' title='bbox 767 916 814 977; x_wconf 90' lang='lat' dir='ltr'>cui</span> <span class='ocrx_word' id='word_1_28' title='bbox 824 918 992 979; x_wconf 80' lang='lat' dir='ltr'>Alexander</span> 
     </span>
     <span class='ocr_line' id='line_1_6' title="bbox 312 995 990 1074; baseline 0.003 -19"><span class='ocrx_word' id='word_1_29' title='bbox 312 996 480 1062; x_wconf 81' lang='lat' dir='ltr'>admoverat</span> <span class='ocrx_word' id='word_1_30' title='bbox 502 998 617 1074; x_wconf 90' lang='lat' dir='ltr'>copias,</span> <span class='ocrx_word' id='word_1_31' title='bbox 644 997 754 1071; x_wconf 81' lang='lat' dir='ltr'>abipso</span> <span class='ocrx_word' id='word_1_32' title='bbox 772 995 896 1072; x_wconf 85' lang='lat' dir='ltr'>Sophite</span> <span class='ocrx_word' id='word_1_33' title='bbox 912 998 990 1059; x_wconf 88' lang='lat' dir='ltr'>obti-</span> 
     </span>
     <span class='ocr_line' id='line_1_7' title="bbox 312 1075 991 1151; baseline 0 -16"><span class='ocrx_word' id='word_1_34' title='bbox 312 1078 442 1147; x_wconf 80' lang='lat' dir='ltr'>nebatur.</span> <span class='ocrx_word' id='word_1_35' title='bbox 457 1076 567 1136; x_wconf 86' lang='lat' dir='ltr'>Clausae</span> <span class='ocrx_word' id='word_1_36' title='bbox 581 1094 660 1135; x_wconf 89' lang='lat' dir='ltr'>erant</span> <span class='ocrx_word' id='word_1_37' title='bbox 675 1093 784 1151; x_wconf 78' lang='lat' dir='ltr'>portae3</span> <span class='ocrx_word' id='word_1_38' title='bbox 802 1075 852 1133; x_wconf 88' lang='lat' dir='ltr'>sed</span> <span class='ocrx_word' id='word_1_39' title='bbox 869 1079 943 1137; x_wconf 85' lang='lat' dir='ltr'>nulli</span> <span class='ocrx_word' id='word_1_40' title='bbox 961 1078 991 1136; x_wconf 90' lang='lat' dir='ltr'>in</span> 
     </span>
     <span class='ocr_line' id='line_1_8' title="bbox 312 1152 990 1231; baseline 0.004 -18"><span class='ocrx_word' id='word_1_41' title='bbox 312 1158 401 1213; x_wconf 89' lang='lat' dir='ltr'>muris</span> <span class='ocrx_word' id='word_1_42' title='bbox 416 1156 591 1231; x_wconf 82' lang='lat' dir='ltr'>turribusque</span> <span class='ocrx_word' id='word_1_43' title='bbox 608 1152 755 1220; x_wconf 84' lang='lat' dir='ltr'>searmati</span> <span class='ocrx_word' id='word_1_44' title='bbox 771 1155 963 1216; x_wconf 81' lang='lat' dir='ltr'>ostendebant</span> <span class='ocrx_word' id='word_1_45' title='bbox 980 1180 990 1217; x_wconf 76' lang='lat' dir='ltr'>s</span> 
     </span>
     <span class='ocr_line' id='line_1_9' title="bbox 311 1232 989 1310; baseline 0.006 -19"><span class='ocrx_word' id='word_1_46' title='bbox 311 1232 530 1310; x_wconf 80' lang='lat' dir='ltr'>dubitabantque</span> <span class='ocrx_word' id='word_1_47' title='bbox 544 1233 741 1301; x_wconf 84' lang='lat' dir='ltr'>Macedones,</span> <span class='ocrx_word' id='word_1_48' title='bbox 763 1232 989 1296; x_wconf 75' lang='lat' dir='ltr'>deseruissenme</span> 
     </span>
     <span class='ocr_line' id='line_1_10' title="bbox 310 1311 987 1381; baseline 0.004 -9"><span class='ocrx_word' id='word_1_49' title='bbox 310 1314 412 1372; x_wconf 88' lang='lat' dir='ltr'>urbem</span> <span class='ocrx_word' id='word_1_50' title='bbox 428 1314 550 1381; x_wconf 76' lang='lat' dir='ltr'>incolat,</span> <span class='ocrx_word' id='word_1_51' title='bbox 574 1334 610 1371; x_wconf 90' lang='lat' dir='ltr'>an</span> <span class='ocrx_word' id='word_1_52' title='bbox 629 1311 725 1372; x_wconf 85' lang='lat' dir='ltr'>fraude</span> <span class='ocrx_word' id='word_1_53' title='bbox 746 1330 775 1370; x_wconf 88' lang='lat' dir='ltr'>se</span> <span class='ocrx_word' id='word_1_54' title='bbox 793 1315 987 1375; x_wconf 83' lang='lat' dir='ltr'>occulerent:</span> 
     </span>
     <span class='ocr_line' id='line_1_11' title="bbox 309 1391 985 1469; baseline 0.01 -20"><span class='ocrx_word' id='word_1_55' title='bbox 309 1410 376 1449; x_wconf 90' lang='lat' dir='ltr'>cum</span> <span class='ocrx_word' id='word_1_56' title='bbox 386 1392 478 1451; x_wconf 89' lang='lat' dir='ltr'>subito</span> <span class='ocrx_word' id='word_1_57' title='bbox 488 1391 625 1468; x_wconf 88' lang='lat' dir='ltr'>patefacta</span> <span class='ocrx_word' id='word_1_58' title='bbox 637 1409 739 1469; x_wconf 90' lang='lat' dir='ltr'>porta,</span> <span class='ocrx_word' id='word_1_59' title='bbox 756 1411 806 1449; x_wconf 85' lang='lat' dir='ltr'>tex</span> <span class='ocrx_word' id='word_1_60' title='bbox 817 1391 908 1453; x_wconf 84' lang='lat' dir='ltr'>lndus</span> <span class='ocrx_word' id='word_1_61' title='bbox 917 1415 985 1455; x_wconf 88' lang='lat' dir='ltr'>curn</span> 
     </span>
     <span class='ocr_line' id='line_1_12' title="bbox 309 1468 988 1537; baseline 0.012 -10"><span class='ocrx_word' id='word_1_62' title='bbox 309 1468 417 1530; x_wconf 89' lang='lat' dir='ltr'>duobus</span> <span class='ocrx_word' id='word_1_63' title='bbox 427 1471 527 1530; x_wconf 89' lang='lat' dir='ltr'>adultis</span> <span class='ocrx_word' id='word_1_64' title='bbox 536 1471 602 1530; x_wconf 86' lang='lat' dir='ltr'>filiis</span> <span class='ocrx_word' id='word_1_65' title='bbox 615 1469 755 1537; x_wconf 83' lang='lat' dir='ltr'>occurrit,</span> <span class='ocrx_word' id='word_1_66' title='bbox 771 1471 901 1530; x_wconf 89' lang='lat' dir='ltr'>multum</span> <span class='ocrx_word' id='word_1_67' title='bbox 915 1474 988 1535; x_wconf 88' lang='lat' dir='ltr'>inter</span> 
     </span>
     <span class='ocr_line' id='line_1_13' title="bbox 309 1550 985 1628; baseline 0.01 -21"><span class='ocrx_word' id='word_1_68' title='bbox 309 1568 414 1609; x_wconf 82' lang='lat' dir='ltr'>omnes</span> <span class='ocrx_word' id='word_1_69' title='bbox 431 1551 563 1609; x_wconf 89' lang='lat' dir='ltr'>barbaros</span> <span class='ocrx_word' id='word_1_70' title='bbox 580 1550 708 1609; x_wconf 87' lang='lat' dir='ltr'>eminens</span> <span class='ocrx_word' id='word_1_71' title='bbox 728 1550 859 1624; x_wconf 86' lang='lat' dir='ltr'>corporis</span> <span class='ocrx_word' id='word_1_72' title='bbox 877 1554 985 1628; x_wconf 86' lang='lat' dir='ltr'>specie.</span> 
     </span>
    </p>
   </div>
   <div class='ocr_carea' id='block_1_3' title="bbox 212 1624 986 1707">
    <p class='ocr_par' dir='ltr' id='par_1_3' title="bbox 212 1624 986 1707">
     <span class='ocr_line' id='line_1_14' title="bbox 212 1624 986 1707; baseline 0.006 -19"><span class='ocrx_word' id='word_1_73' title='bbox 212 1693 217 1702; x_wconf 50' lang='grc'><em>,</em></span> <span class='ocrx_word' id='word_1_74' title='bbox 308 1624 402 1689; x_wconf 88' lang='lat' dir='ltr'>Vestis</span> <span class='ocrx_word' id='word_1_75' title='bbox 413 1647 473 1689; x_wconf 88' lang='lat' dir='ltr'>erat</span> <span class='ocrx_word' id='word_1_76' title='bbox 482 1649 552 1689; x_wconf 90' lang='lat' dir='ltr'>auro</span> <span class='ocrx_word' id='word_1_77' title='bbox 565 1634 740 1705; x_wconf 81' lang='lat' dir='ltr'>purpuraque</span> <span class='ocrx_word' id='word_1_78' title='bbox 750 1627 905 1699; x_wconf 86' lang='lat' dir='ltr'>distincta,</span> <span class='ocrx_word' id='word_1_79' title='bbox 925 1652 986 1707; x_wconf 79' lang='lat' dir='ltr'>quae</span> 
     </span>
    </p>
   </div>
   <div class='ocr_carea' id='block_1_4' title="bbox 255 1706 986 3057">
    <p class='ocr_par' dir='ltr' id='par_1_4' title="bbox 255 1706 986 3057">
     <span class='ocr_line' id='line_1_15' title="bbox 306 1706 986 1771; baseline 0.007 -5"><span class='ocrx_word' id='word_1_80' title='bbox 306 1707 394 1767; x_wconf 87' lang='lat' dir='ltr'>etiam</span> <span class='ocrx_word' id='word_1_81' title='bbox 405 1730 484 1769; x_wconf 90' lang='lat' dir='ltr'>crura</span> <span class='ocrx_word' id='word_1_82' title='bbox 498 1709 633 1769; x_wconf 85' lang='lat' dir='ltr'>velabat:</span> <span class='ocrx_word' id='word_1_83' title='bbox 647 1707 739 1767; x_wconf 90' lang='lat' dir='ltr'>aureis</span> <span class='ocrx_word' id='word_1_84' title='bbox 756 1707 843 1767; x_wconf 82' lang='lat' dir='ltr'>soleis</span> <span class='ocrx_word' id='word_1_85' title='bbox 857 1706 986 1771; x_wconf 86' lang='lat' dir='ltr'>inserue-</span> 
     </span>
     <span class='ocr_line' id='line_1_16' title="bbox 305 1787 985 1868; baseline 0.003 -21"><span class='ocrx_word' id='word_1_86' title='bbox 305 1805 350 1858; x_wconf 76' lang='lat' dir='ltr'>rat</span> <span class='ocrx_word' id='word_1_87' title='bbox 375 1808 503 1867; x_wconf 89' lang='lat' dir='ltr'>gemmas</span> <span class='ocrx_word' id='word_1_88' title='bbox 526 1810 535 1847; x_wconf 79' lang='lat' dir='ltr'>s</span> <span class='ocrx_word' id='word_1_89' title='bbox 558 1787 655 1848; x_wconf 87' lang='lat' dir='ltr'>lacerti</span> <span class='ocrx_word' id='word_1_90' title='bbox 679 1806 791 1868; x_wconf 88' lang='lat' dir='ltr'>quoque</span> <span class='ocrx_word' id='word_1_91' title='bbox 812 1803 842 1846; x_wconf 89' lang='lat' dir='ltr'>et</span> <span class='ocrx_word' id='word_1_92' title='bbox 868 1788 985 1851; x_wconf 84' lang='lat' dir='ltr'>brachia</span> 
     </span>
     <span class='ocr_line' id='line_1_17' title="bbox 306 1863 985 1946; baseline 0.003 -20"><span class='ocrx_word' id='word_1_93' title='bbox 306 1866 465 1946; x_wconf 83' lang='lat' dir='ltr'>margaritis</span> <span class='ocrx_word' id='word_1_94' title='bbox 480 1883 579 1927; x_wconf 89' lang='lat' dir='ltr'>ornata</span> <span class='ocrx_word' id='word_1_95' title='bbox 593 1884 682 1926; x_wconf 89' lang='lat' dir='ltr'>erant.</span> <span class='ocrx_word' id='word_1_96' title='bbox 699 1863 863 1925; x_wconf 85' lang='lat' dir='ltr'>Pendebant</span> <span class='ocrx_word' id='word_1_97' title='bbox 877 1888 915 1927; x_wconf 83' lang='lat' dir='ltr'>ex</span> <span class='ocrx_word' id='word_1_98' title='bbox 931 1890 985 1929; x_wconf 78' lang='lat' dir='ltr'>au·</span> 
     </span>
     <span class='ocr_line' id='line_1_18' title="bbox 255 1944 984 2026; baseline 0.008 -24"><span class='ocrx_word' id='word_1_99' title='bbox 255 1961 258 1968; x_wconf 92' lang='lat'>·</span> <span class='ocrx_word' id='word_1_100' title='bbox 305 1944 380 2003; x_wconf 89' lang='lat' dir='ltr'>ribus</span> <span class='ocrx_word' id='word_1_101' title='bbox 397 1946 520 2026; x_wconf 86' lang='lat' dir='ltr'>insignes</span> <span class='ocrx_word' id='word_1_102' title='bbox 536 1946 660 2007; x_wconf 90' lang='lat' dir='ltr'>candore</span> <span class='ocrx_word' id='word_1_103' title='bbox 678 1961 706 2003; x_wconf 86' lang='lat' dir='ltr'>et</span> <span class='ocrx_word' id='word_1_104' title='bbox 719 1944 920 2025; x_wconf 79' lang='lat' dir='ltr'>magnitudine</span> <span class='ocrx_word' id='word_1_105' title='bbox 937 1949 984 2007; x_wconf 86' lang='lat' dir='ltr'>la·</span> 
     </span>
     <span class='ocr_line' id='line_1_19' title="bbox 303 2022 982 2107; baseline 0.006 -26"><span class='ocrx_word' id='word_1_106' title='bbox 303 2022 378 2099; x_wconf 88' lang='lat' dir='ltr'>pilli.</span> <span class='ocrx_word' id='word_1_107' title='bbox 398 2024 536 2085; x_wconf 86' lang='lat' dir='ltr'>Baculum</span> <span class='ocrx_word' id='word_1_108' title='bbox 557 2046 675 2086; x_wconf 87' lang='lat' dir='ltr'>aureum</span> <span class='ocrx_word' id='word_1_109' title='bbox 695 2024 796 2101; x_wconf 84' lang='lat' dir='ltr'>berylli</span> <span class='ocrx_word' id='word_1_110' title='bbox 819 2024 982 2107; x_wconf 88' lang='lat' dir='ltr'>distingue·</span> 
     </span>
     <span class='ocr_line' id='line_1_20' title="bbox 304 2103 983 2181; baseline 0 -18"><span class='ocrx_word' id='word_1_111' title='bbox 304 2104 394 2178; x_wconf 83' lang='lat' dir='ltr'>bant3</span> <span class='ocrx_word' id='word_1_112' title='bbox 409 2125 467 2181; x_wconf 91' lang='lat' dir='ltr'>quo</span> <span class='ocrx_word' id='word_1_113' title='bbox 478 2103 581 2165; x_wconf 88' lang='lat' dir='ltr'>tradito</span> <span class='ocrx_word' id='word_1_114' title='bbox 591 2123 736 2181; x_wconf 86' lang='lat' dir='ltr'>precatus,</span> <span class='ocrx_word' id='word_1_115' title='bbox 753 2120 781 2162; x_wconf 85' lang='lat' dir='ltr'>ut</span> <span class='ocrx_word' id='word_1_116' title='bbox 792 2122 893 2181; x_wconf 80' lang='lat' dir='ltr'>sospes</span> <span class='ocrx_word' id='word_1_117' title='bbox 903 2103 983 2163; x_wconf 83' lang='lat' dir='ltr'>ucri-</span> 
     </span>
     <span class='ocr_line' id='line_1_21' title="bbox 323 2184 980 2264; baseline 0.005 -22"><span class='ocrx_word' id='word_1_118' title='bbox 323 2200 394 2251; x_wconf 85' lang='lat' dir='ltr'>eret,</span> <span class='ocrx_word' id='word_1_119' title='bbox 406 2204 435 2244; x_wconf 86' lang='lat' dir='ltr'>se</span> <span class='ocrx_word' id='word_1_120' title='bbox 444 2185 602 2261; x_wconf 88' lang='lat' dir='ltr'>liberosque</span> <span class='ocrx_word' id='word_1_121' title='bbox 610 2202 638 2243; x_wconf 92' lang='lat' dir='ltr'>et</span> <span class='ocrx_word' id='word_1_122' title='bbox 644 2202 761 2264; x_wconf 86' lang='lat' dir='ltr'>gentem</span> <span class='ocrx_word' id='word_1_123' title='bbox 769 2203 850 2242; x_wconf 87' lang='lat' dir='ltr'>suam</span> <span class='ocrx_word' id='word_1_124' title='bbox 860 2184 980 2246; x_wconf 87' lang='lat' dir='ltr'>dedidit.</span> 
     </span>
     <span class='ocr_line' id='line_1_22' title="bbox 299 2202 980 2345; baseline 0.001 -22"><span class='ocrx_word' id='word_1_125' title='bbox 299 2202 426 2324; x_wconf 56' lang='lat' dir='ltr'>leobiles</span> <span class='ocrx_word' id='word_1_126' title='bbox 439 2264 472 2324; x_wconf 91' lang='lat' dir='ltr'>ad</span> <span class='ocrx_word' id='word_1_127' title='bbox 491 2264 653 2325; x_wconf 88' lang='lat' dir='ltr'>venandum</span> <span class='ocrx_word' id='word_1_128' title='bbox 670 2282 753 2323; x_wconf 86' lang='lat' dir='ltr'>canes</span> <span class='ocrx_word' id='word_1_129' title='bbox 764 2260 794 2320; x_wconf 88' lang='lat' dir='ltr'>in</span> <span class='ocrx_word' id='word_1_130' title='bbox 808 2281 842 2321; x_wconf 90' lang='lat' dir='ltr'>ea</span> <span class='ocrx_word' id='word_1_131' title='bbox 857 2265 980 2345; x_wconf 85' lang='lat' dir='ltr'>regione</span> 
     </span>
     <span class='ocr_line' id='line_1_23' title="bbox 301 2340 981 2416; baseline 0.001 -14"><span class='ocrx_word' id='word_1_132' title='bbox 301 2361 386 2416; x_wconf 80' lang='lat' dir='ltr'>sunt3</span> <span class='ocrx_word' id='word_1_133' title='bbox 408 2342 510 2403; x_wconf 85' lang='lat' dir='ltr'>latratu</span> <span class='ocrx_word' id='word_1_134' title='bbox 523 2340 663 2401; x_wconf 82' lang='lat' dir='ltr'>abstinere</span> <span class='ocrx_word' id='word_1_135' title='bbox 679 2341 829 2409; x_wconf 89' lang='lat' dir='ltr'>dicuntur,</span> <span class='ocrx_word' id='word_1_136' title='bbox 851 2362 914 2401; x_wconf 87' lang='lat' dir='ltr'>curn</span> <span class='ocrx_word' id='word_1_137' title='bbox 932 2343 981 2403; x_wconf 80' lang='grc' dir='ltr'>νὶ-</span> 
     </span>
     <span class='ocr_line' id='line_1_24' title="bbox 301 2419 981 2497; baseline 0.003 -16"><span class='ocrx_word' id='word_1_138' title='bbox 301 2420 366 2482; x_wconf 85' lang='lat' dir='ltr'>dere</span> <span class='ocrx_word' id='word_1_139' title='bbox 374 2420 484 2497; x_wconf 85' lang='lat' dir='ltr'>feram,</span> <span class='ocrx_word' id='word_1_140' title='bbox 501 2420 630 2482; x_wconf 89' lang='lat' dir='ltr'>leonibus</span> <span class='ocrx_word' id='word_1_141' title='bbox 645 2420 772 2480; x_wconf 84' lang='lat' dir='ltr'>maxime</span> <span class='ocrx_word' id='word_1_142' title='bbox 787 2419 895 2482; x_wconf 85' lang='lat' dir='ltr'>infesti.</span> <span class='ocrx_word' id='word_1_143' title='bbox 909 2422 981 2483; x_wconf 91' lang='lat' dir='ltr'>Ho-</span> 
     </span>
     <span class='ocr_line' id='line_1_25' title="bbox 300 2499 980 2573; baseline -0.001 -11"><span class='ocrx_word' id='word_1_144' title='bbox 300 2522 366 2563; x_wconf 87' lang='lat' dir='ltr'>rum</span> <span class='ocrx_word' id='word_1_145' title='bbox 392 2502 453 2573; x_wconf 82' lang='lat' dir='ltr'>vim</span> <span class='ocrx_word' id='word_1_146' title='bbox 475 2519 507 2562; x_wconf 91' lang='lat' dir='ltr'>ut</span> <span class='ocrx_word' id='word_1_147' title='bbox 533 2500 691 2560; x_wconf 84' lang='lat' dir='ltr'>ostenderet</span> <span class='ocrx_word' id='word_1_148' title='bbox 719 2499 918 2567; x_wconf 81' lang='lat' dir='ltr'>Alexandro,</span> <span class='ocrx_word' id='word_1_149' title='bbox 947 2502 980 2562; x_wconf 89' lang='lat' dir='ltr'>in</span> 
     </span>
     <span class='ocr_line' id='line_1_26' title="bbox 301 2578 981 2658; baseline 0 -16"><span class='ocrx_word' id='word_1_150' title='bbox 301 2598 454 2657; x_wconf 84' lang='lat' dir='ltr'>conspectu</span> <span class='ocrx_word' id='word_1_151' title='bbox 482 2582 599 2640; x_wconf 87' lang='lat' dir='ltr'>leonem</span> <span class='ocrx_word' id='word_1_152' title='bbox 628 2578 739 2638; x_wconf 74' lang='lat' dir='ltr'>eximie</span> <span class='ocrx_word' id='word_1_153' title='bbox 771 2580 981 2658; x_wconf 84' lang='lat' dir='ltr'>magnitudinis</span> 
     </span>
     <span class='ocr_line' id='line_1_27' title="bbox 302 2656 980 2738; baseline 0 -17"><span class='ocrx_word' id='word_1_154' title='bbox 302 2660 379 2738; x_wconf 86' lang='lat' dir='ltr'>jussit</span> <span class='ocrx_word' id='word_1_155' title='bbox 388 2660 496 2730; x_wconf 88' lang='lat' dir='ltr'>emitti,</span> <span class='ocrx_word' id='word_1_156' title='bbox 508 2679 536 2719; x_wconf 90' lang='lat' dir='ltr'>et</span> <span class='ocrx_word' id='word_1_157' title='bbox 544 2678 581 2718; x_wconf 80' lang='grc' dir='ltr'>ιν</span> <span class='ocrx_word' id='word_1_158' title='bbox 589 2658 710 2718; x_wconf 89' lang='lat' dir='ltr'>omnino</span> <span class='ocrx_word' id='word_1_159' title='bbox 720 2656 867 2717; x_wconf 85' lang='lat' dir='ltr'>admoveri</span> <span class='ocrx_word' id='word_1_160' title='bbox 878 2681 980 2729; x_wconf 89' lang='lat' dir='ltr'>canes,</span> 
     </span>
     <span class='ocr_line' id='line_1_28' title="bbox 299 2737 982 2817; baseline -0.003 -17"><span class='ocrx_word' id='word_1_161' title='bbox 299 2740 349 2817; x_wconf 90' lang='lat' dir='ltr'>qui</span> <span class='ocrx_word' id='word_1_162' title='bbox 361 2740 490 2801; x_wconf 84' lang='lat' dir='ltr'>celeriter</span> <span class='ocrx_word' id='word_1_163' title='bbox 500 2755 711 2814; x_wconf 87' lang='lat' dir='ltr'>occupaverunt</span> <span class='ocrx_word' id='word_1_164' title='bbox 721 2737 828 2806; x_wconf 67' lang='lat' dir='ltr'>feram</span> <span class='ocrx_word' id='word_1_165' title='bbox 849 2758 919 2797; x_wconf 88' lang='lat' dir='ltr'>cum</span> <span class='ocrx_word' id='word_1_166' title='bbox 939 2760 982 2801; x_wconf 88' lang='lat' dir='ltr'>ex</span> 
     </span>
     <span class='ocr_line' id='line_1_29' title="bbox 299 2814 982 2896; baseline -0.001 -17"><span class='ocrx_word' id='word_1_167' title='bbox 299 2818 363 2887; x_wconf 85' lang='lat' dir='ltr'>iis,</span> <span class='ocrx_word' id='word_1_168' title='bbox 385 2819 432 2896; x_wconf 90' lang='lat' dir='ltr'>qui</span> <span class='ocrx_word' id='word_1_169' title='bbox 455 2835 632 2879; x_wconf 84' lang='lat' dir='ltr'>assueverant</span> <span class='ocrx_word' id='word_1_170' title='bbox 657 2817 758 2877; x_wconf 74' lang='lat' dir='ltr'>tilibus</span> <span class='ocrx_word' id='word_1_171' title='bbox 783 2814 982 2888; x_wconf 81' lang='lat' dir='ltr'>ministeriis,</span> 
     </span>
     <span class='ocr_line' id='line_1_30' title="bbox 300 2892 981 2970; baseline -0.003 -10"><span class='ocrx_word' id='word_1_172' title='bbox 300 2919 390 2970; x_wconf 84' lang='lat' dir='ltr'>uuus,</span> <span class='ocrx_word' id='word_1_173' title='bbox 405 2898 482 2958; x_wconf 88' lang='lat' dir='ltr'>canis</span> <span class='ocrx_word' id='word_1_174' title='bbox 494 2896 572 2957; x_wconf 88' lang='lat' dir='ltr'>leoni</span> <span class='ocrx_word' id='word_1_175' title='bbox 584 2917 649 2956; x_wconf 87' lang='lat' dir='ltr'>cum</span> <span class='ocrx_word' id='word_1_176' title='bbox 662 2896 722 2954; x_wconf 88' lang='lat' dir='ltr'>aliis</span> <span class='ocrx_word' id='word_1_177' title='bbox 735 2892 896 2955; x_wconf 86' lang='lat' dir='ltr'>inhaerentis</span> <span class='ocrx_word' id='word_1_178' title='bbox 913 2919 981 2959; x_wconf 85' lang='lat' dir='ltr'>crus</span> 
     </span>
     <span class='ocr_line' id='line_1_31' title="bbox 299 2974 983 3057; baseline -0.004 -15"><span class='ocrx_word' id='word_1_179' title='bbox 299 2977 444 3052; x_wconf 67' lang='lat' dir='ltr'>auellere,</span> <span class='ocrx_word' id='word_1_180' title='bbox 471 2995 500 3040; x_wconf 90' lang='lat' dir='ltr'>et</span> <span class='ocrx_word' id='word_1_181' title='bbox 518 2976 585 3057; x_wconf 83' lang='lat' dir='ltr'>quia</span> <span class='ocrx_word' id='word_1_182' title='bbox 604 2996 665 3037; x_wconf 86' lang='lat' dir='ltr'>non</span> <span class='ocrx_word' id='word_1_183' title='bbox 684 2974 873 3055; x_wconf 83' lang='lat' dir='ltr'>sequebatur,</span> <span class='ocrx_word' id='word_1_184' title='bbox 898 2977 983 3042; x_wconf 81' lang='lat' dir='ltr'>ferro</span> 
     </span>
    </p>
   </div>
   <div class='ocr_carea' id='block_1_5' title="bbox 0 0 1318 4017">
    <p class='ocr_par' dir='ltr' id='par_1_5' title="bbox 0 0 1318 4017">
     <span class='ocr_line' id='line_1_32' title="bbox 0 0 1318 4017; baseline 0 6"><span class='ocrx_word' id='word_1_185' title='bbox 0 0 1318 4017; x_wconf 95' lang='lat' dir='ltr'> </span> 
     </span>
    </p>
   </div>
  </div>
 </body>
</html>
