2625 4017
491 548 685 615 LIBER
723 546 850 619 V111.
944 561 1004 631 4ιςΙ

331 653 457 718 sentium
468 674 598 717 curarum
609 671 687 731 parte
698 653 850 725 liberatus,
864 656 1006 719 convertit

322 738 465 797 'animum
485 735 521 794 ad
543 729 752 794 vindicandas
743 734 857 811 injurias
874 753 1005 808 eorum,

330 817 432 893 quibus
451 837 468 875 a
488 815 651 893 praetoribus
664 815 718 873 suis
734 833 818 875 avare
838 835 872 875 ac
886 816 1003 891 superbe

330 895 534 986 imperabatur.
560 893 638 973 Ergo
661 891 864 970 Phratapherni
888 892 1003 971 Hyrca·

330 975 412 1035 niam
437 992 466 1033 er
487 973 603 1033 Mardos
625 988 692 1032 cum
712 971 833 1050 Tapuris
861 972 1000 1045 tradidit,

330 1054 553 1131 mandavitque,
568 1070 599 1112 ιιι
613 1050 769 1112 Phradaten
781 1091 792 1120 ,
806 1072 853 1112 cur
845 1052 1004 1114 succede·

330 1135 399 1203 bat,
419 1133 454 1193 ad
468 1152 497 1193 se
515 1133 546 1191 in
563 1132 721 1192 custodiam
739 1129 875 1195 mitterem
899 1130 1003 1193 Arsani

327 1210 510 1274 Drancarum
524 1211 656 1288 praefecto
672 1210 832 1271 substitutus
847 1228 889 1271 est
903 1208 1000 1273 Stasa·

329 1311 396 1354 nor.
406 1290 552 1351 Arsaces
543 1311 573 1349 ιιι
585 1289 715 1349 Mediam
731 1290 850 1359 missus,
867 1307 899 1351 ut
912 1288 1002 1369 Oxy·

328 1371 407 1432 dates
429 1371 495 1430 inde
516 1370 679 1431 discederet.
700 1364 859 1446 Babylonia
882 1385 1000 1434 mortuo

327 1450 440 1510 Mazaeo
452 1448 635 1509 Dedirameni
647 1447 772 1526 subjecta
784 1465 837 1511 est

367 1529 444 1592 Can.
455 1528 509 1589 IV.
522 1527 576 1587 His
587 1546 752 1604 compositas
761 1543 845 1589 tertio
855 1544 952 1589 mense
961 1546 999 1591 ιιι

326 1605 451 1668 hibernis
460 1608 554 1667 movit
563 1607 743 1675 exercitum,
759 1608 924 1698 regionem,
938 1627 999 1745 3⁰²

327 1683 448 1779 Gabapa
465 1687 644 1776 appellatur,
664 1686 797 1747 aditurus.
812 1684 930 1747 Primus

325 1763 659 1844 quietumiterpraebuits
670 1765 856 1857 proximuser
847 1763 998 1826 nondum

325 1845 440 1922 quidem
460 1846 635 1937 procellosus
658 1862 688 1906 et
710 1844 823 1937 tristis,
851 1845 998 1907 obscurior

325 1941 423 1985 tamen
440 1925 579 2017 pristino,
599 1945 658 1983 non
677 1925 737 1986 sine
748 1922 833 1985 minis
846 1924 996 1987 crescentis

323 2003 396 2066 mali
411 2004 552 2081 preteriit.
569 2003 671 2065 Tertio
689 2005 724 2065 ab
739 2001 819 2065 omni
818 2020 913 2096 'parte
930 2000 998 2066 coeli

324 2105 448 2145 emicare
457 2084 588 2164 fulgura,
604 2102 716 2144 etnunc
723 2100 904 2145 internitente
912 2084 996 2160 luce,

324 2183 401 2224 nunc
418 2164 552 2232 condita,
575 2184 635 2222 non
651 2164 751 2224 oculos
768 2162 858 2224 modo
874 2166 997 2226 meantis

323 2242 485 2315 exercitus,
503 2240 648 2303 sedetiam
660 2241 772 2303 animos
785 2259 889 2303 terrere
899 2261 996 2321 coepe·

321 2341 399 2384 runt.
410 2311 477 2383 Erat
490 2341 579 2398 prope
594 2322 745 2382 continuus
758 2320 826 2381 coeh
835 2320 948 2415 fragor,
966 2336 997 2385 et

321 2404 425 2479 passim
442 2401 602 2462 cadentium
618 2400 774 2461 fulminum
793 2399 899 2478 species
916 2400 995 2461 vise·

321 2484 413 2541 batur.
430 2480 624 2558 Attonitisque
636 2481 748 2541 auribus
761 2496 874 2557 stupens
889 2497 995 2559 agmen

320 2580 374 2619 nec
385 2559 533 2640 progredi,
546 2580 599 2620 nec
609 2561 763 2621 consistere
772 2559 903 2620 audebat.
913 2561 993 2619 Tum

320 2655 437 2716 repente
453 2640 543 2699 imber
551 2640 739 2719 grandinem
730 2638 868 2701 incutiens
881 2654 995 2699 torren-

319 2719 355 2778 ris
371 2718 460 2810 modo
476 2716 635 2781 effunditur.
647 2719 694 2779 Ac
706 2721 800 2796 primo
817 2716 932 2796 quidem
944 2737 993 2776 ar·

318 2797 374 2858 mis
384 2798 439 2858 suis
452 2797 518 2859 tecti
535 2817 723 2875 exceperant,
742 2797 812 2859 sed
805 2818 864 2874 pam
874 2816 928 2858 nec
942 2815 992 2857 re·

315 2876 407 2938 tinere
420 2899 499 2939 arma
511 2878 624 2940 lubricae
637 2895 668 2938 et
684 2878 805 2956 rigentes
818 2896 919 2936 manus
933 2894 993 2970 pos

314 2958 835 3040 terant‚uecrpsrdestmare,1nquam
842 2955 994 3037 regionem

756 3059 794 3130 Μ
810 3078 843 3127 ru
861 3056 891 3121 iv

958 1707 1000 1748 res
1082 1695 1084 1700 ’
