2625 4017
419 528 616 596 urata
661 531 740 598 tx.
857 542 921 621 aa,

244 626 388 703 omiserat
401 632 483 694 veriti
493 654 531 695 ne
540 634 568 694 id
579 635 674 695 facere
686 634 923 704 tumultuantium

243 712 451 775 vociferatione
462 712 689 790 prohiberentur.
702 717 772 787 Ille,
785 717 857 778 sicut
866 737 923 779 nu·

244 790 326 851 datus
338 808 415 861 erat,
435 793 563 869 pervenit
582 793 616 853 ad
627 790 765 868 Graecos,
783 812 813 856 et
829 797 919 858 mise·

245 870 343 930 rabilis
352 870 437 940 facies
447 872 587 950 supplicio
598 872 728 934 destinati
737 875 767 934 in
778 876 920 941 diversum

246 950 362 1011 animos
381 970 495 1026 repente
514 952 657 1019 mutavit,
686 951 841 1031 dimittique
859 974 921 1025 eum

247 1029 399 1108 jusserunt.
417 1029 486 1092 Hoc
503 1032 592 1091 modo
609 1052 694 1108 poena
706 1033 746 1093 bis
764 1032 922 1105 liberatus,

246 1129 316 1180 eum
327 1109 445 1178 ceteris,
463 1110 511 1187 qui
523 1111 652 1171 colonias
666 1132 682 1170 a
697 1131 762 1193 rege
776 1114 922 1178 attributas

247 1188 442 1264 reliquerunt,
454 1190 608 1249 revertitin
619 1190 751 1266 patriam.
763 1191 834 1254 Haec
845 1193 921 1256 circa

246 1266 347 1340 Bactra
363 1285 391 1328 et
403 1267 572 1346 Scytharum
587 1271 725 1330 terminos
735 1289 825 1353 gesta.
839 1276 922 1331 Inte-

245 1346 304 1405 rim
326 1367 423 1428 regem
448 1348 566 1409 duarum
587 1350 741 1430 gentium,
764 1351 800 1412 de
822 1352 924 1429 quibua

248 1444 316 1485 ante
339 1429 532 1497 dictumest,
560 1448 676 1491 centurn
697 1430 783 1520 legati
805 1432 922 1506 adeunt,

246 1504 362 1567 Omnes
375 1528 457 1567 curru
473 1506 669 1577 vehebantur,
690 1510 796 1569 extmia
807 1510 923 1600 magni-

246 1584 345 1646 tudine
367 1607 547 1663 corporum,
570 1587 677 1647 decoro
698 1586 817 1658 habitu,
838 1591 922 1650 hneae

247 1683 340 1725 vestes
350 1665 463 1737 intentae
473 1685 543 1725 auro
553 1706 564 1734 ,
585 1686 762 1744 purpuraque
774 1668 923 1740 distincta,

247 1742 285 1803 Ei
297 1762 328 1803 se
340 1742 441 1804 dedere
458 1742 555 1822 ipsos,
575 1742 653 1805 urbes
666 1765 799 1824 agrosque
815 1748 924 1808 refere-

247 1824 337 1896 bant;
356 1842 406 1903 per
425 1840 465 1881 tot
478 1840 575 1883 orares
588 1822 751 1898 inviolatam
763 1824 923 1898 libertatem

246 1898 327 1974 iliius
343 1902 460 1981 primum
470 1899 544 1980 fidei
559 1900 712 1982 ditionique
724 1905 925 1987 permissuros}

246 1977 330 2041 Deos
341 1979 396 2041 sibi
408 1979 559 2041 deditionis
569 2000 714 2054 auctores,
733 2005 786 2045 non
799 2003 922 2061 metum,·

247 2056 346 2139 quippe
357 2058 472 2132 intactis
483 2060 589 2124 uiribus
597 2063 695 2140 jugum
706 2063 843 2143 excipere,
857 2064 923 2136 Rex

247 2139 372 2210 pontilio
392 2138 489 2216 habito
508 2140 615 2199 deditos
631 2143 660 2198 in
680 2140 765 2200 fidem
784 2143 924 2222 accepit;

248 2217 411 2293 stipendio,
434 2217 510 2293 quod
528 2217 691 2282 Arachosiis
707 2238 824 2299 utraque
841 2224 923 2285 natio

248 2298 428 2377 pensitabat,
441 2297 588 2373 imposito.
599 2295 735 2358 Praeterea
750 2319 775 2359 11
793 2298 881 2360 miliia
894 2317 924 2363 et

250 2396 273 2439 υ
287 2375 392 2454 equites
405 2376 547 2452 impetat,
568 2394 597 2435 et
609 2377 706 2436 omnia
723 2379 886 2440 obedienter
903 2403 923 2445 a

248 2456 373 2520 barbaris
392 2456 478 2518 facta.
500 2455 628 2518 Invitatis
649 2454 749 2517 deinde
768 2458 802 2518 ad
824 2461 925 2537 epulas

249 2537 351 2615 legatis
366 2536 517 2617 gentium,
537 2535 695 2628 regulisque
711 2536 838 2595 exornari
855 2558 924 2599 ton·

249 2606 357 2677 'vinium
374 2617 462 2694 jussit.
480 2614 607 2676 Centum
623 2615 701 2677 aurei
717 2615 783 2676 lecti
802 2618 923 2684 modicis

249 2695 408 2756 intervallis
422 2695 507 2773 positi
522 2711 621 2765 erant3
636 2695 716 2755 lectis
732 2694 925 2770 pircumdede'·

251 2771 298 2836 rat
322 2774 430 2844 aulaea,
455 2793 578 2853 purpura
603 2792 729 2852 auroque
754 2775 891 2858 fulgentia
911 2796 926 2855 q

251 2851 386 2941 ‚quidquid
402 2873 450 2915 aut
462 2853 536 2937 apud
551 2853 646 2947 Persaq
660 2870 755 2930 petere
770 2856 856 2926 luxu,
873 2873 927 2930 aut:

251 2933 332 3034 aput
347 2933 521 3017 macedonas
540 2952 618 3014 nova
636 2933 929 3017 immutationeque
