2625 4017
416 580 610 645 LIBER
650 579 769 648 Vlll.
868 604 924 657 tot

254 681 355 762 Quem
376 682 540 743 Alexander
562 704 629 743 cum
650 701 713 744 toro
725 680 861 745 exercitu
881 684 930 744 in·

251 784 363 846 gressus
385 761 488 841 agitari
507 761 718 840 undiquesecus
736 762 827 843 jussit.
850 764 929 826 Inter

253 865 322 921 quas
338 863 404 902 curn
414 843 462 901 leo
479 842 679 921 magnitudinis
694 862 761 903 tara
777 844 868 920 ipsum
879 864 934 908 re·.

252 944 322 1005 gem
342 923 487 981 invasurus
508 922 682 995 incurreret3
704 922 777 982 forte
796 921 943 1002 Lysimaffi

253 1003 343 1069 chus,
357 1001 406 1078 qui
421 1020 520 1077 postea
535 1001 683 1080 regnavit,
701 1000 848 1078 proximus
855 1003 929 1062 Ale·
952 1075 956 1083 Ι

251 1081 381 1148 atandr0‚
395 1079 575 1141 venabulum
582 1079 706 1155 objicere
716 1080 780 1157 ferat
791 1098 929 1158 coeperat.

254 1159 327 1237 Quo
338 1180 387 1219 rex
398 1159 510 1236 repulso
523 1197 533 1227 ,
550 1177 578 1217 et
591 1156 670 1218 abire
684 1159 758 1237 jusso
772 1198 781 1227 ,
800 1160 902 1238 adjecit
915 1199 926 1230 ,

252 1257 311 1299 tom
321 1259 338 1298 a
349 1256 435 1297 semer
453 1257 505 1295 uno
521 1256 628 1314 quomo
643 1234 810 1318 Lysimacho
821 1236 928 1298 leonem

252 1314 377 1394 interfici
387 1336 479 1395 poste.
495 1314 681 1392 Lysimachus
691 1317 769 1377 enim
780 1316 927 1395 quondam

253 1418 321 1457 cunr
335 1416 484 1457 venaretur
499 1395 638 1473 insyria,
656 1395 798 1458 occiderat
813 1396 934 1466 'eximia

251 1475 451 1556 magnitudinis
461 1476 550 1535 feram
559 1478 650 1536 solus:
663 1475 708 1535 sed
719 1477 791 1539 laevo
802 1474 927 1538 humero

251 1575 341 1631 usque
352 1554 386 1613 ad
397 1576 458 1614 ossa
470 1555 607 1615 laceratus
615 1554 649 1613 ad
660 1556 793 1624 ultimum
806 1553 934 1632 periculi]

251 1651 431 1711 pervenerat.
454 1633 485 1693 Id
504 1634 596 1710 ipsum
614 1637 784 1710 exprobrans
802 1635 829 1694 ei
850 1651 900 1694 rex
913 1669 935 1704 ,·
995 1707 1003 1712 .
1075 1658 1077 1661 ⁴

251 1713 352 1773 fortius
360 1734 447 1789 quam
458 1712 569 1773 locutus
579 1731 637 1781 est,
654 1712 733 1774 fecit.
745 1713 824 1773 Nam
833 1712 933 1774 feram'

251 1813 313 1853 non
326 1792 436 1869 excepit
451 1791 539 1851 modo
551 1812 561 1864 3
581 1792 628 1852 sed
638 1794 725 1853 etiam
736 1813 794 1852 uno
808 1794 926 1855 vulnere

252 1871 369 1932 occidit.
391 1870 557 1940 Fabulam,
580 1893 640 1949 quae
659 1870 793 1951 objectum
811 1869 884 1931 leoni
906 1890 925 1931 a

251 1970 318 2029 rege
334 1947 528 2028 Lysimachum
542 1961 649 2011 temere
669 1951 817 2033 vulgavit,
836 1954 871 2011 ab
886 1971 945 2018 eo,
965 1998 968 2001 -

251 2052 337 2099 casu,
351 2051 436 2106 quern
448 2050 529 2106 supra
538 2030 677 2101 diximus,
691 2052 784 2091 ortam
795 2049 854 2091 esse
865 2050 937 2098 cre-,

252 2108 382 2176 diderim.
412 2108 547 2169 Ceterum
567 2110 741 2171 Macedones
762 2131 925 2188 quanquam

201 2231 204 2237 -
250 2207 389 2268 prospero
401 2206 505 2249 eventu
515 2188 661 2250 defunctus
671 2207 731 2249 erat
740 2189 938 2262 Alexandetas

251 2286 349 2328 tamen
362 2267 467 2327 scivere
484 2268 576 2346 gentis
593 2290 648 2329 suae
668 2288 769 2338 more,
788 2288 824 2328 ne
839 2266 927 2345 pedes
976 2306 980 2312 ›

251 2364 428 2414 venaretur,
454 2364 502 2406 aut
531 2347 590 2406 sine
619 2347 734 2407 delectis
764 2348 926 2425 principum

250 2426 480 2501 amicorumque.
495 2427 595 2486 llle1v
605 2426 731 2488 millibus
739 2426 863 2487 ferarum
872 2426 925 2485 de·
936 2483 939 2488 .

251 2505 355 2585 jectis,
376 2505 405 2563 in
421 2505 523 2563 eodem
539 2506 611 2564 saltu
633 2526 700 2566 cum
712 2523 776 2566 toto
798 2506 926 2566 exercitu
981 2561 984 2566 ⁴

250 2584 382 2660 epulatus
397 2598 448 2643 est.
461 2583 529 2644 Inde
541 2584 712 2645 Maracanda
729 2585 851 2646 reditum
863 2601 904 2645 est
915 2605 925 2646 a
938 2653 946 2664 ⁶

251 2680 424 2738 acceptaque
434 2663 709 2724 aetatisexcusatione
717 2664 939 2738 abArtabazoa.
980 2695 985 2706 ι

251 2742 432 2822 provinciam
447 2741 507 2818 ejus
526 2742 646 2803 destinat
660 2742 750 2803 Clito.
767 2742 828 2803 Hic
842 2758 927 2813 erat,
983 2799 986 2804 .

252 2820 302 2899 qui
324 2821 397 2896 apud
415 2818 576 2883 Granicum
595 2842 712 2883 amnena
731 2822 812 2883 nudo
833 2822 942 2901 capite„
973 2879 976 2884 .

251 2921 350 2961 reem
373 2899 555 2991 dimicantem
578 2903 680 2995 clypeo
695 2924 756 2995 ¹sno
784 2901 876 2993 texit3
898 2914 937 2990 et¹

254 3048 259 3053 ,
302 3000 398 3047 oesacrs
408 3000 527 3046 manum
541 2999 627 3063 capnt
641 3001 716 3065 tegra
724 2999 930 3046 ammonentem

774 3078 919 3143 Lt
