2625 4017
481 589 679 655 'LIBER
719 587 810 656 111.
924 598 982 664 ιμ’

314 710 391 757 mare
414 691 603 771 pertinebat,
628 692 760 752 Craterus
780 710 808 752 et
826 691 982 753 Parmenio

308 792 425 846 erant}
445 773 495 833 sed
519 771 651 833 Craterus
672 771 855 832 Parmenioni
883 791 982 850 parere

316 852 413 930 jussus.
432 850 550 929 Equites
617 869 737 927 utroque
759 871 850 913 cornu
872 852 979 912 locarit

318 932 445 993 dextrum
467 931 568 991 Maced
610 950 639 990 es
655 931 798 990 Thessalis
816 932 979 1010 adjunctis,

319 1011 420 1073 levum
447 1004 691 1087 Peloponnenses
721 1013 880 1072 tuebantur.
904 1012 982 1069 Ante

321 1088 388 1150 hanc
403 1088 500 1150 aciem
512 1106 642 1166 posuerat
654 1089 829 1149 funditorum
841 1110 958 1149 manum
970 1127 982 1155 ‚
1067 1083 1078 1104 ⁹

323 1168 466 1249 tagittariis
497 1169 638 1229 admixtis.
661 1166 786 1227 Thraces
813 1183 927 1245 quoque
954 1183 984 1226 ee

324 1248 469 1309 Cretenses
479 1264 545 1307 ante
556 1266 660 1327 agmen
667 1248 746 1306 ibant
758 1288 767 1313 ,
780 1264 808 1308 et
818 1248 871 1323 ipsi
882 1246 984 1306 leviter

324 1327 429 1389 armati.
446 1325 490 1385 At
505 1327 557 1393 iis,
575 1327 622 1402 qui
639 1325 772 1402 praemissi
789 1348 806 1386 a
826 1326 921 1386 Dario
937 1324 983 1402 ju·

325 1426 383 1485 gum
394 1404 505 1465 montis
515 1407 689 1473 insederant,
699 1406 840 1484 Agrianos
849 1404 982 1483 opposuit

326 1505 352 1545 ex
363 1485 480 1546 Graecia
491 1504 580 1562 nuper
589 1484 733 1545 advectos.
743 1484 923 1544 Parmenioni
932 1487 982 1543 au'·

325 1580 373 1625 tent
392 1582 565 1642 praeceperat
578 1580 608 1621 ttt
619 1580 747 1640 quantum
758 1581 851 1642 poster
858 1603 868 1631 ‚
885 1580 984 1641 agmen

326 1642 352 1701 td
373 1661 450 1703 mare
470 1642 658 1713 extenderet;
676 1660 726 1718 quo
747 1640 856 1721 longius
874 1641 983 1699 abesset

327 1723 392 1800 trita
401 1720 558 1791 montibus,
577 1740 643 1799 quos
654 1717 984 1796 occupaverantbarbari.

328 1802 358 1861 tt
371 1803 416 1861 'nti
429 1821 524 1879 neque
539 1803 649 1860 obstare
659 1800 834 1859 venientibus
846 1839 854 1868 ‚
865 1819 917 1859 nec
928 1800 983 1860 cit·

327 1882 427 1941 cumire
436 1898 637 1962 pretergressos
646 1879 706 1937 ausi
717 1900 726 1950 ;
736 1878 908 1939 funditorum
920 1900 983 1939 ma·

327 1963 396 2021 xime
405 1978 521 2036 aspectu
535 1959 715 2037 profugerant
724 1959 813 2017 territi
822 1983 829 2020 ε
839 1975 927 2036 eaque
939 1978 982 2018 ret

328 2052 411 2101 tutum
423 2040 589 2099 Alexandro
606 2036 727 2119 agminis
740 2039 830 2110 latus,
851 2040 925 2114 quod
946 2056 983 2111 ne

327 2138 437 2197 superne
449 2118 632 2179 incesseretur
648 2159 657 2184 ,
680 2117 810 2178 timuerat
823 2159 832 2186 ,
846 2119 984 2193 prestitit·

328 2195 452 2278 Triginta
463 2214 492 2258 et
503 2199 559 2258 duo
570 2214 744 2255 armatorum
757 2197 868 2255 ordines
884 2197 982 2266 ibant3

326 2295 411 2356 neque
423 2278 503 2336 enim
519 2276 601 2335 latius
610 2276 723 2334 extendi
735 2276 827 2333 aciem
838 2273 984 2348 patieban-

326 2371 364 2417 tur
375 2357 522 2436 angustia.
534 2356 674 2415 Paulatim
684 2353 783 2412 deinde
796 2354 930 2412 relaxare
946 2354 985 2410 si-

324 2436 557 2503 maurentium,
578 2451 607 2493 et
625 2433 716 2509 majus
738 2432 857 2509 spatium
879 2432 986 2507 aperire

325 2531 339 2575 t
384 2532 488 2585 erant;
506 2514 584 2573 itaut
595 2534 653 2571 non
666 2513 747 2588 pedes
758 2514 851 2571 solum
863 2507 986 2586 pluribut'
1070 2557 1073 2562 ,
1091 2507 1098 2520 '

327 2536 421 2653 oidine
438 2592 589 2660 incedere,
609 2592 656 2652 sed
675 2592 762 2651 etiam
780 2590 912 2651 lateribus
930 2590 988 2649 cir·

325 2672 726 2749 cumfttndipossctequitatus.

330 2769 333 2796 ³
357 2752 451 2813 Cat.
464 2750 506 2813 X.
519 2750 585 2816 Jam
603 2751 633 2808 in
646 2765 819 2826 conspectu,
838 2748 885 2808 sed
906 2761 954 2807 ext

326 2831 370 2890 teli
382 2832 512 2908 jactum,
528 2829 809 2905 utraqueacieserat‚
827 2848 893 2888 curn
906 2848 924 2902 p

326 2928 364 2967 res
384 2910 474 2970 Persae
491 2910 668 2969 inconditum
681 2925 709 2967 et
727 2924 834 2966 trucem
854 2753 986 3058 ssis}

327 2987 491 3058 cantorem.
501 2988 635 3051 Redditur
647 3003 700 3048 eta
712 2986 860 3064 Macedon
