2625 4017
386 582 447 652 uss
569 575 613 655 Q.
653 574 892 638 cuttu-rr

387 699 416 740 et
432 675 512 760 vigili
526 677 676 737 excubanti
692 676 772 736 hasta
783 677 876 736 ablata
890 676 1021 738 constitit
1031 676 1078 739 in.

387 759 464 819 aditu
475 799 485 826 ,
505 778 563 833 quo
574 776 688 816 necesse
700 756 803 815 erariis
813 796 824 825 ,
842 756 891 833 qui
902 757 989 817 simul
1002 779 1068 817 coe-

387 854 547 906 naverunt,
565 836 671 916 egredi.
685 837 823 895 Abierant
838 836 948 905 ceteri,
969 836 1068 897 Clitus

387 917 504 977 ultimus
520 918 580 976 sine
598 916 707 974 lumine
730 915 835 974 exibat.
860 913 962 990 Quem
984 937 1035 975 tex
1053 955 1074 984 ‚.

386 996 513 1088 quisnam
525 997 623 1054 esset?
635 995 797 1074 interrogat
808 994 963 1055 Eminebat
973 996 1072 1055 etium⁴

387 1096 419 1135 tn
433 1096 507 1135 voce
522 1075 655 1142 sceleris,
673 1077 747 1152 quod
761 1077 899 1151 parabat,
915 1076 1065 1137 atrocitas.

388 1154 426 1215 Et
436 1155 485 1215 ille
497 1155 555 1232 jam
566 1175 624 1213 non
636 1176 709 1219 suu,
725 1156 771 1212 sed
783 1156 856 1233 regis
866 1156 913 1215 irae
924 1175 1039 1213 memor
1052 1196 1064 1226 ‚

390 1232 495 1296 Clitum
505 1254 584 1304 esse,
598 1250 624 1293 et
637 1231 670 1291 tle
682 1232 807 1291 convivio
819 1232 897 1292 exire
906 1234 1068 1310 respondit.

388 1313 461 1373 Haec
480 1314 597 1374 dicentis
619 1313 692 1373 latus
710 1312 788 1371 hasta
810 1312 970 1382 transfixit,
991 1334 1063 1372 mo-

388 1392 539 1469 rientisque
560 1394 695 1471 sanguine
718 1412 840 1469 aspersus
854 1416 861 1451 :
877 1390 1000 1460 luunt,
1015 1393 1067 1451 in-

388 1472 469 1549 quit,
488 1470 524 1530 ad
542 1468 721 1551 Philippum,
738 1473 772 1530 et'
784 1467 1017 1542 Parmenionem,
1037 1488 1067 1533 et

388 1548 527 1612 Attalum.
821 1602 825 1607 .

404 1659 408 1665 ¹
429 1629 517 1692 Cnr.
530 1632 574 1692 11.
588 1630 667 1690 Male
682 1628 948 1710 humanisingeniis
963 1649 1067 1693 natura

388 1711 553 1781 consuluit,
573 1710 648 1786 quod
672 1711 838 1786 plerumque
863 1730 923 1768 non
944 1710 1066 1781 futura,

389 1791 439 1850 sed
458 1808 595 1851 transacta
616 1789 827 1867 perpendimus.
849 1787 967 1867 Quippe
988 1812 1066 1861 rex,

388 1868 1069 1947 postquamitamentedecesserat‚etiamebrie·

389 1967 448 2008 tate
460 1949 600 2019 discussa,
618 1949 842 2029 magnitudinem
855 1947 991 2009 facinoris
1004 1970 1067 2010 sera

390 2027 576 2089 aestimatione
596 2028 749 2106 perspexit.
772 2026 895 2088 Videbat
914 2046 983 2090 tunc
1005 2030 1066 2088 im-

355 2103 363 2118 '
389 2107 503 2168 modica
511 2107 640 2168 libertate
651 2111 769 2179 abusum
781 2145 791 2175 ,
803 2107 850 2166 sed
860 2108 967 2185 alioqui
979 2127 1067 2190 egre·

387 2186 469 2268 glum
484 2188 562 2247 bello
579 2189 673 2249 virum
683 2203 744 2256 ‚et
759 2186 811 2243 nisi
831 2190 1008 2248 erubesceret
1020 2189 1069 2247 fa-

389 2266 462 2335 teti,
475 2286 647 2328 servatorem
658 2267 700 2326 sui
711 2306 721 2336 ,
734 2266 873 2328 occisum.
888 2268 1069 2328 Detestabile

389 2346 529 2407 carnificis
555 2346 743 2406 ministerium
772 2365 962 2424 occupaverat
987 2369 1067 2408 rex:

389 2430 544 2491 verborum
568 2428 741 2495 licentiam,
769 2447 829 2503 quae
855 2429 925 2487 vino
954 2445 1076 2504 poterat.

387 2504 549 2583 imputari,
574 2505 694 2566 nefanda
718 2506 792 2565 caede
815 2506 900 2568 ultus.
927 2509 1074 2567 Manabat

388 2583 452 2644 toto
469 2586 610 2645 vestibulo
624 2606 709 2646 cruor
724 2582 811 2662 paulo
829 2604 894 2647 ante
911 2589 1071 2648 convivat:

390 2664 615 2745 uigilesnttoniti
627 2683 660 2744 et.
666 2663 838 2741 stupentibus
851 2666 957 2726 similes
965 2667 1071 2744 procul

388 2748 524 2815 stabant,
543 2746 975 2821 liberioremque·poenitentiam
995 2747 1072 2804 soli-

383 2824 457 2884 tudo
475 2823 624 2887 'exciebat
646 2824 722 2905 Ergo
749 2822 865 2884 hastam.
886 2845 927 2896 eu,
944 2847 1070 2902 corpore

387 2902 505 2981 incentis
519 2907 647 2966 evulsam
660 2903 771 2964 retorsit
781 2904 810 2962 in
827 2922 936 2965 semet:
951 2906 1070 2985 jamque

387 2982 556 3048 admoverat
565 2983 675 3064 pectori
687 3007 697 3061 ;
717 3005 784 3047 cum
794 2983 931 3054 advolant
940 2986 1047 3067 vigiles
1059 3024 1072 3059 ,
