2625 4017
443 571 631 637 LIBER
676 572 720 641 X.
855 586 919 656 '547

240 667 444 759 dffectaverant
459 675 531 735 nihil
551 675 589 736 ad
610 676 687 756 ipsos
702 676 846 756 pertinens
867 701 916 739 re·

237 772 345 840 gnam,
363 756 534 817 minabatur.
551 754 585 814 ln
596 754 692 819 eadem
705 756 919 834 damofatnilia·

237 849 295 917 que
314 834 426 914 imperii
444 836 518 895 viret
535 853 709 896 remansuras
729 856 790 897 esse
808 840 917 919 gaude-

195 941 209 967 ·
238 913 917 996 b'ant3hereditariumimperiumstitpemregiani

227 993 472 1064 uindicaturum
501 1012 628 1055 assuetas
653 1016 684 1054 se
706 1016 803 1055 namen
825 997 917 1075 ipsum

241 1072 358 1141 colere,
373 1072 568 1151 venerarique,
587 1094 637 1132 net
648 1094 806 1152 quemqnam
821 1074 850 1134 id
865 1096 916 1135 ca-

238 1168 329 1235 pete,
347 1150 405 1211 niti
414 1152 540 1231 genitam
554 1171 583 1212 ut
594 1173 731 1232 regnaret.
743 1154 831 1234 Igitur
846 1154 918 1215 Per-

244 1232 327 1293 dicca
344 1232 476 1301 territus,
496 1231 674 1314 canelaae-in
692 1252 742 1310 qua
758 1231 918 1294 Alexandri

244 1323 345 1391 eorpus
362 1309 493 1389 iacebat,
518 1312 658 1371 asservari
680 1312 921 1389 jubet-sexcenti

245 1409 316 1453 cum
332 1392 394 1469 ipso
411 1410 508 1460 erant,
528 1409 656 1468 spectatae
674 1391 783 1453 virtutis
797 1417 805 1453 a
819 1393 922 1454 Ptole*

246 1490 336 1530 maeus
347 1490 460 1549 quoque
476 1492 504 1532 se
514 1472 679 1549 adjunxerat
689 1472 737 1541 ei,
753 1493 922 1547 puerorum·

237 1556 304 1627 ‘que
319 1551 403 1631 regia·
414 1548 529 1623 cohors.
540 1551 677 1610 Ceterum
688 1549 762 1610 haud
773 1550 925 1613 difficulter

247 1650 267 1688 a
280 1643 323 1687 tot
334 1630 458 1690 millibus
468 1648 643 1690 armatorum
653 1630 772 1689 claustra
783 1632 923 1708 perfracta

207 1769 210 1776 ,
248 1724 326 1768 sunt.
339 1706 375 1768 Et
391 1728 441 1768 rex
456 1730 570 1786 quoque
586 1709 722 1785 irruperat
739 1709 853 1787 stipatus
871 1733 919 1770 sa·

249 1787 374 1847 tellitum
387 1791 487 1857 turba,
504 1810 626 1865 quorum
639 1789 767 1865 princeps
783 1807 843 1849 erat
856 1791 924 1850 lile*

247 1867 357 1946 leager.
373 1869 515 1943 ltatusque
530 1868 684 1937 Perdicca,
704 1866 774 1937 izos,
792 1869 835 1946 pai
853 1867 923 1927 Ate-
982 1893 987 1898 ·

248 1944 353 2022 atandri
372 1965 467 2024 eorpus
485 1947 554 2006 tueri
571 1945 693 2017 vellent,
716 1965 852 2021 sevocat3
874 1947 924 2008 sed

248 2025 486 2103 qui'irluperant,
501 2027 611 2086 eminus
621 2028 677 2086 tela
689 2028 718 2085 in
730 2028 820 2103 ipsum
834 2028 922 2105 jaci&

249 2107 331 2165 bant.
344 2106 498 2182 Multisque
505 2106 679 2169 vulneratis,
699 2106 814 2174 landem
824 2108 922 2166 senio*

250 2203 297 2244 res
311 2184 535 2266 demtis-galeis,
557 2205 615 2262 quo
631 2184 741 2244 facilius
755 2185 836 2243 nosci
853 2206 924 2263 pos·

249 2265 488 2340 sent‚·precari‚
509 2266 557 2341 qui
580 2285 647 2324 curn
669 2263 801 2323 Perdicca
818 2283 898 2324 erant
915 2270 931 2333 'n

249 2362 389 2419 coepere,
411 2360 442 2401 at
459 2342 631 2402 abstinerent
650 2340 747 2409 lello,
771 2341 881 2420 tegique
900 2359 931 2401 et

248 2420 380 2501 pluribus
402 2420 539 2485 cederent.
561 2423 671 2481 Primus
692 2419 828 2481 Perdicca·
847 2443 929 2483 arma

251 2502 403 2577 depuduit3
420 2504 560 2579 ceterique
572 2501 764 2562 idem'fecere.
780 2501 928 2581 Meleagro

251 2580 354 2640 deinde
377 2582 510 2641 suadente
532 2601 566 2640 ne
594 2587 749 2661 a'cotpote
772 2578 929 2641 Alexandri

250 2655 460 2733 discederent;
483 2661 588 2721 insidiis
612 2661 710 2720 locum
732 2660 816 2737 quaeri
840 2660 893 2718 tati
917 2693 928 2728 ·,

252 2738 364 2800 diversa
384 2739 468 2820 regiae
490 2758 569 2816 parte
589 2742 624 2799 ad
648 2737 809 2817 Euphraten
831 2739 930 2819 fugam

253 2818 415 2880 intendunt.
434 2819 600 2896 Equitatus‚
622 2821 670 2895 qui
690 2840 726 2880 ex
749 2818 932 2882 nobilissimis

253 2896 394 2975 juvenum
403 2901 569 2966 constabat,
586 2900 741 2959 Perdiccan·
750 2916 778 2957 et
793 2895 932 2955 Leonna-

253 2991 320 3042 tum
331 2977 468 3055 frequens
478 2982 669 3059 sequebaturp
678 2979 866 3059 placebatque
883 2995 938 3046 tter

737 3074 841 3155 Zzij

952 3381 1074 3531 Γ
