2625 4017
408 528 596 594 LIBER
638 531 747 597 Vll.
857 547 926 611 3491

201 634 204 639 ’
238 628 423 715 perbissimus
433 673 444 700 ,
456 649 532 692 certe
542 630 734 721 iniquissimus
744 672 755 701 ,
764 628 822 692 nisi
829 632 930 713 peder-

243 711 366 772 militare
378 708 499 781 uellem,
515 728 634 770 retinere
647 708 777 790 cogebar.
789 709 855 783 Nec
867 712 917 772 in.

232 788 322 871 fitius
333 809 385 860 eo,
401 787 480 849 liberi
490 787 609 848 nominis
621 789 714 851 animo
723 787 842 850 locutum
852 810 918 854 esse

241 889 286 940 me
299 888 359 929 cum
377 867 581 947 ignavissimo,
598 887 625 928 et
639 867 689 928 ltoc
707 888 788 928 unum
805 867 917 932 militias

240 967 301 1008 suu
313 966 481 1026 usurpante,
498 965 528 1006 ut
536 946 642 1008 alienor
654 967 735 1025 tpuos
746 948 918 1028 pugnaturis

241 1023 405 1089 distribuat.
418 1022 482 1085 Huc
495 1026 568 1085 enim
581 1024 712 1090 malorum
726 1045 835 1087 uentum
849 1046 893 1087 est
904 1067 934 1098 ‚.

240 1122 273 1168 ut
282 1102 368 1166 uerba
379 1124 439 1164 mea
451 1102 544 1164 todem
557 1123 675 1186 tempore
686 1147 697 1175 ,
710 1122 738 1166 ec
752 1102 914 1170 Alexandro

242 1202 393 1251 excusem,
413 1200 441 1242 et
452 1181 617 1263 Antiphani.
634 1183 677 1245 At
698 1182 917 1247 ltetcule'matet

241 1260 278 1332 de
297 1260 377 1321 nobis
398 1260 522 1324 inimicis
542 1261 599 1323 tuis
619 1261 737 1342 scripsit
758 1270 771 1323 Ι
795 1261 915 1325 Utinam

200 1377 203 1381 ›
237 1338 402 1432 prudentius
420 1358 494 1401 essct
510 1338 634 1401 sollicita
648 1338 795 1431 propilio,
816 1361 844 1402 et
858 1362 916 1405 non

240 1440 341 1482 inanes
350 1420 565 1500 quoquespeoies
573 1418 659 1481 anxio
669 1440 759 1482 ammo
761 1417 917 1502 figuraret.
952 1445 957 1456 ·

241 1494 913 1639 guareenimnonadscrilritmetussuicausam?

239 1649 241 1654 Ι
276 1576 394 1656 eoique,
407 1599 461 1637 non
473 1575 594 1638 ostendit
605 1595 743 1640 attererem
754 1619 765 1648 ‚
777 1577 914 1657 quofacto

239 1654 351 1722 dictove
359 1673 454 1717 nostro
463 1674 536 1715 mota
545 1673 603 1717 tum
609 1654 733 1735 trepidas
742 1654 792 1716 tibi
804 1654 914 1719 litteras

242 1734 366 1815 scripsit.
386 1732 412 1795 0
432 1742 445 1795 !
463 1734 591 1803 miseram
603 1733 787 1795 conditionem
799 1755 911 1820 meam,

239 1813 288 1876 cui
293 1811 418 1890 forsitan
427 1834 482 1873 non
488 1811 671 1895 periculosius
682 1831 724 1892 est
733 1833 825 1875 tacere
833 1834 913 1894 quam

241 1891 344 1955 dicere.
356 1889 413 1953 Sed
427 1910 690 1972 utcumqueeessura
704 1910 822 1963 retest,
840 1891 914 1956 malo

242 1971 295 2033 tibi
317 1969 502 2053 defensionem
525 1992 613 2033 meam
635 1969 809 2052 displicere,
831 1993 913 2053 quam

242 2072 365 2115 causam.
376 2048 521 2131 Agnosces
529 2069 619 2112 autem
626 2071 686 2130 quae
696 2048 819 2115 dicturus
829 2070 914 2127 sum3

238 2132 304 2212 ,puip
323 2151 338 2191 e
354 2129 527 2199 meministi,
542 2151 603 2191 cum
619 2128 710 2190 meod
720 2128 914 2210 perducendos

243 2229 280 2269 ex
313 2207 459 2280 lacedonia
473 2206 577 2268 milites
588 2208 730 2280 mitteres,
743 2206 854 2271 dixisse
864 2228 913 2292 te,

242 2289 350 2355 multos
366 2288 492 2366 integros
510 2287 626 2363 iuuenes
636 2288 667 2347 in
679 2286 768 2349 domo
785 2305 839 2350 tuae
850 2309 914 2351 ma·

242 2368 291 2430 ttis
312 2368 456 2427 abscondi.
478 2361 638 2444 Pracipisti
656 2364 745 2445 igitur
762 2364 830 2434 milti
842 2365 914 2437 ,me

242 2467 328 2525 quern
341 2445 637 2522 praeseminatores,
660 2445 707 2505 sed
728 2445 925 2512 detrectantes.

242 2524 377 2590 militiam
412 2524 576 2598 erducerem
595 2524 629 2584 ad
640 2540 680 2585 te.
693 2517 777 2662 Ἥ
789 2521 924 2604 equidem.

234 2603 321 2683 feci,
342 2621 369 2666 et
387 2546 521 2673 iberius,
541 2600 620 2680 ‘quam
637 2600 753 2688 tupetie
770 2617 802 2662 at
818 2601 888 2666 milu’
898 2643 929 2680 ,.

243 2700 375 2748 executus
397 2701 457 2752 sum
479 2680 620 2762 imperium
642 2700 729 2745 tuum.
752 2677 915 2762 Gorgian,

244 2757 507 2824 HecateumetGor
526 2776 610 2830 atan,
628 2757 916 2842 quorumlonaopera
987 2805 991 2818 .

244 2841 354 2913 meris,
372 2837 437 2899 inde
445 2780 578 2921 perduxi.
592 2833 672 2919 Quid
689 2834 777 2918 igitur
792 2833 916 2919 iniquius

245 2939 312 3006 eps,
329 2938 409 3020 paam
420 2938 485 3010 cuc,
506 2916 590 3020 puisi
609 2917 660 3011 tili
674 2915 926 3022 ponpopup'spep'rp
