2625 4017
402 566 460 632 ³4⁶
580 553 910 633 meunt-11

399 656 520 716 interest
537 656 615 735 regis
626 683 636 715 :
646 674 731 736 peto,
749 673 800 725 ut,
821 654 886 715 dum
903 653 991 724 dico,
1010 651 1077 716 virt-³

400 733 473 795 tuiis
491 734 603 798 liberer.
626 738 692 796 Rex
714 734 787 794 solvi
809 754 949 811 utrumque
972 736 1075 813 jubet:

399 814 622 892 desiderantique
633 816 785 891 Amyntae,
803 812 955 873 uthabitus
974 836 1076 894 quoque

401 891 561 954 redderetur
580 894 736 973 armigeri,
758 891 884 953 lanceam
901 892 966 953 dari
987 895 1076 968 jussit.

401 970 503 1049 Quam
517 992 549 1033 ut
564 973 635 1036 laera
653 972 891 1050 comprehendit,
909 975 1020 1053 evipato
1037 996 1075 1034 eo

396 1052 490 1122 loco,
510 1053 541 1112 in
576 1076 615 1113 uo
628 1051 785 1113 Atexandri
796 1073 899 1129 corpus
908 1055 997 1130 paulo
1008 1073 1075 1122 ante

400 1125 544 1210 jacueram
556 1074 773 1212 budiseumque
780 1170 791 1200 ‚
799 1132 907 1208 inquit,
918 1131 1013 1193 exitus
1024 1153 1076 1193 nor

400 1230 493 1270 manet
504 1250 515 1279 ,
527 1232 577 1273 rex
589 1239 599 1271 .·
612 1208 795 1289 corfitemttr,
812 1230 973 1291 prosperum
988 1232 1074 1271 evert-

401 1307 459 1349 rum
471 1289 523 1349 tibi
533 1289 698 1361 dedituros,·
716 1288 866 1349 tristiorem
875 1288 1000 1365 fortuma
1019 1291 1075 1351 im·

419 1387 555 1431 oraturos.
564 1367 633 1428 Sine
640 1367 802 1449 prejudicio
813 1367 1075 1440 dirimendam,

396 1388 1074 1537 iiberistorporidusanimisque.Hoditumetiam‚

401 1524 434 1585 irt
443 1547 493 1604 qrto
505 1545 532 1587 te
542 1525 670 1587 comitari
679 1523 813 1596 solemus,
827 1524 989 1587 reddidisti.
1000 1526 1075 1588 Cau-

401 1625 463 1665 sam
473 1628 528 1666 riom
539 1626 682 1684 possumus
693 1626 707 1679 ;
720 1604 868 1682 fortuitam
885 1606 982 1668 timere
1000 1607 1076 1667 desi·

401 1705 509 1748 rtemut.
525 1686 566 1747 Te
578 1707 693 1765 quaeso,
736 1685 861 1745 ermittos
878 1685 947 1744 miii
964 1685 997 1745 id
1011 1687 1074 1767 pri·

709 1706 755 1826 da
766 1784 792 1825 te
802 1763 929 1825 ultimum
938 1763 1075 1844 objectum

400 1784 472 1823 mum
483 1764 647 1842 defendere,
657 1786 707 1844 quo

402 1862 457 1905 est.
471 1844 557 1915 Nos,
575 1866 649 1913 rex,
668 1844 803 1906 sermonis
815 1843 948 1905 adversus
968 1867 1074 1922 moper-

400 1940 488 1981 tatem
501 1942 574 1983 tuam
584 1922 673 1983 habiti
686 1923 789 1984 nitidius
803 1922 909 1983 conscii
920 1944 1014 1985 sumus
1026 1946 1076 1985 rto-

401 1998 458 2063 bis.
474 2001 627 2071 Dicerem,
640 2005 700 2082 jam
712 2001 818 2083 pridem
833 2002 938 2064 vicisse
955 2021 982 2064 te
997 2004 1075 2065 invi·

402 2078 494 2149 diam,
505 2080 562 2142 nisi
571 2081 722 2162 periculum
731 2099 824 2151 esset,
837 2103 872 2142 rte
882 2080 940 2141 aiio
950 2082 1074 2163 maligne

402 2156 480 2220 dicta
491 2160 614 2222 crederes
630 2160 731 2221 blanda
743 2161 865 2221 oratione
874 2163 998 2241 purgari.
1017 2162 1075 2224 Ce-

401 2255 489 2314 terum
503 2239 614 2301 etiamsi
629 2240 728 2301 militis
742 2240 782 2300 tui
798 2239 842 2301 vel
854 2240 885 2301 in
892 2242 1008 2319 agmine
1023 2241 1074 2303 de-

391 2315 523 2397 ficientis
534 2338 561 2380 et
563 2318 684 2400 fatigati
691 2363 703 2390 ,
713 2319 757 2381 vei
767 2320 797 2379 in
804 2320 865 2379 acie
871 2320 1074 2399 periclitantis,

400 2395 446 2459 vel
456 2397 487 2458 iit
497 2398 671 2459 tabernaculo
682 2401 749 2480 aegri
762 2420 789 2459 et
797 2398 913 2460 volnera
924 2400 1073 2471 curantis,

399 2474 494 2555 aliquo
511 2500 566 2539 vox
582 2479 704 2556 asperior
718 2497 792 2540 esset
805 2497 942 2558 accepta;
960 2500 1071 2541 merue-

398 2574 491 2638 ramos
494 2556 618 2631 fortibus
622 2556 732 2633 factis,
756 2577 786 2619 ut
798 2555 894 2617 malles
910 2579 943 2618 ea
956 2561 1073 2639 tempori

397 2654 491 2694 nostro
511 2636 664 2715 impurare,
685 2660 764 2717 quom
785 2637 887 2697 animo.
912 2634 983 2697 Cum
1006 2639 1073 2715 quid

397 2712 504 2773 accidit
513 2715 642 2784 tristius,
659 2739 751 2777 omnes
763 2718 803 2777 rei
815 2733 879 2776 sont
890 2741 900 2775 .·
914 2717 1071 2795 corporibus

397 2794 526 2864 nostris,
546 2815 604 2872 qoae
621 2795 712 2874 otipue
731 2818 784 2857 noo
801 2795 929 2864 odimus,
950 2795 1072 2872 infestas

396 2869 572 2931 admovemus
585 2895 682 2933 monus
695 2896 708 2947 ;
723 2894 852 2956 parentet
868 2872 963 2935 diderit
980 2876 1006 2935 si
1024 2897 1073 2936 ot-

396 2967 532 3024 turraot,
555 2972 583 3013 et
607 2951 714 3036 ingrati
740 2976 766 3019 et
787 2952 873 3018 invisi
898 2973 974 3023 suot.
996 2953 1071 3021 Cum
