2625 4017
396 587 452 647 228
569 579 617 663 Q.
656 575 892 647 CURTll

395 675 545 747 Vulnerari
555 684 717 746 interfectos
732 682 879 744 trahebant
894 707 902 743 ε
922 702 974 745 nec
985 699 1062 744 con·

394 762 490 825 sistere
507 763 615 835 territi,
636 783 690 825 nec
706 762 837 843 progredi
853 762 959 823 debiles
975 781 1060 840 pote-

394 855 469 904 rant.
494 843 594 905 Paucae
613 860 710 904 tamen
737 860 850 903 evasere
871 842 1009 921 quadriga
1030 842 1061 902 in

342 951 345 956 ·
386 920 528 983 ¹ultimam
544 922 658 992 aciem,
679 920 735 990 iis,
757 919 855 997 quibus
873 921 1031 981 inciderunt
1050 959 1061 989 ,

393 999 547 1061 miserabili
565 1018 660 1062 morte
678 998 842 1060 consumtis.
862 997 977 1078 Quippe
995 1018 1061 1059 am*

391 1093 489 1155 putata
507 1076 636 1142 vitorum
657 1079 784 1139 membra
801 1076 881 1137 humi
901 1079 1031 1155 jacebant
1050 1097 1062 1149 ;

388 1169 423 1217 'et
438 1157 504 1236 quia
519 1157 615 1219 calidis
624 1156 715 1218 adhuc
723 1156 883 1218 vulneribus
897 1161 991 1218 aberat
1006 1156 1062 1216 do-

389 1234 467 1305 lor,
490 1238 582 1297 trun'ci
603 1254 715 1313 quoque
734 1250 763 1295 et
778 1235 882 1295 debiles
900 1255 977 1295 arma
1000 1252 1062 1295 non

298 1359 303 1369 ,
390 1312 562 1376 eminebant
571 1333 582 1375 t
591 1315 683 1374 donec
696 1314 789 1373 multo
803 1314 938 1393 sanguine
951 1313 1060 1383 effuse,

385 1393 548 1453 ‘exanimati
558 1395 789 1472 procumberent.
806 1390 923 1451 Interim
939 1394 1061 1463 Aretes,

385 1468 579 1548 Scytharum,
595 1471 644 1549 qui
658 1469 859 1547 impedimenta
872 1470 1059 1548 diripiebant,

391 1540 466 1622 duce
475 1551 592 1619 occiso,
612 1548 725 1631 gravius
735 1547 839 1609 territis
856 1547 985 1610 instabat.
1004 1549 1060 1609 Su-

388 1643 545 1706 pervenere
559 1628 660 1691 deinde
670 1627 748 1688 missi
764 1626 883 1688 aDario
893 1628 1034 1688 Bactriani
1048 1665 1059 1698 ,

389 1716 547 1789 pugnaque
570 1703 680 1771 vendre
698 1706 853 1768 fortunam.
883 1707 968 1766 Multi
987 1724 1058 1789 ergo

391 1785 584 1848 Macedonum
604 1786 697 1865 primo
719 1784 827 1864 impetu
852 1785 946 1846 obtriti
967 1803 1060 1848 sunt:

390 1863 485 2001 plures
504 1866 539 1935 ad
559 1864 755 1927 Alexandrum
775 1864 947 1943 refugerunt.
978 1864 1059 1927 Tum

415 1937 508 2013 erse,
519 1944 646 2017 clamore
655 1942 787 2009 sublato,
805 1940 920 2019 qualern
936 1942 1061 2004 victores

389 2021 483 2083 solent
502 2022 602 2092 edere,
624 2021 758 2082 ferociter
775 2020 804 2079 in
824 2017 956 2089 hostem,
980 2024 1060 2099 quasi

390 2098 494 2176 ubique
508 2100 710 2181 profligatum,
726 2098 880 2161 incurrunt.
896 2100 1060 2162 Alexander

389 2179 502 2239 territos
526 2181 685 2260 castigare3
708 2177 870 2252 adhortari;
894 2179 1022 2256 pralium
1046 2218 1057 2250 ,

390 2258 474 2335 quod
487 2257 547 2336 jam
567 2258 755 2339 elapguetat,
778 2257 854 2316 solus
873 2258 1026 2318 accendere
1050 2282 1059 2320 t

389 2336 620 2413 confirmatisque
630 2336 745 2397 tandem
754 2334 877 2405 animis,
896 2335 938 2396 ire
949 2336 980 2395 in
990 2334 1057 2395 bos·

391 2430 446 2474 tem
456 2416 543 2493 jubet.
553 2415 656 2475 Rarior
665 2414 738 2475 acies
749 2415 846 2474 eratin
858 2413 957 2474 dextro
968 2436 1057 2476 cornu

389 2490 558 2563 Persarum,
579 2512 702 2571 namque
718 2493 783 2553 inde
800 2493 940 2553 Bactriani
959 2493 1056 2553 deces-

388 2570 482 2633 serant
492 2572 526 2639 ad
539 2572 723 2649 opprimenda
734 2570 946 2648 impedimenta.
958 2572 1056 2648 ltaque

389 2648 787 2711 Alexanderlaxatosordines
795 2650 956 2719 invadit,et
966 2653 1056 2711 multa

389 2728 465 2789 caede
483 2727 609 2789 hostium
628 2727 780 2790 invehitur.
805 2728 846 2788 At
866 2729 913 2806 qui
931 2729 961 2787 in
981 2729 1054 2788 laevo

389 2817 480 2867 cornu
489 2824 568 2869 erant
578 2807 684 2875 Persae,
697 2826 745 2884 spe
757 2828 837 2883 posse
849 2827 915 2868 eum
926 2806 1030 2866 includi
1044 2844 1055 2875 ,

389 2904 493 2965 agmen
504 2908 586 2947 suum
597 2905 706 2966 atergo
716 2884 874 2947 dimicantis
885 2901 1033 2963 opponunt
1044 2907 1053 2945 t

389 2959 543 3047 ingensque
553 2963 712 3046 periculum
721 2964 752 3026 in
762 2963 859 3029 medio
869 2962 974 3030 haeteus
984 2962 1057 3028 adis·
