2625 4017
385 560 446 611 266
561 544 728 625 Q'CU
749 545 774 608 R
796 546 824 620 T
846 548 891 619 1'1

393 648 512 709 -era
538 643 627 708 VH.⁴
656 647 792 706 Ceterum
819 645 944 725 ingentia
971 649 1063 721 aninr'i

381 729 482 801 bona3
508 726 597 786 illam·
609 725 761 794 indolem,
782 747 838 801 qua
859 747 958 787 omnes
978 752 1061 809 reges,

381 808 558 878 antecessit;
581 806 663 865 illam
692 806 721 863 in
749 806 897 869 subeundis
924 811 1059 883 perieulis

377 888 592 956 constantiam
612 885 643 944 in
663 887 742 945 rebus
756 884 908 943 moliendis
927 884 1056 949 efficien-

381 968 478 1045 disque
499 968 708 1034 velocitarem3
732 964 760 1022 in
779 963 876 1022 deditis
895 964 1002 1038 fidem3
1025 969 1057 1028 in

380 1046 498 1123 captivis
512 1046 718 1132 clementiamq
738 1045 769 1133 in
780 1044 970 1119 voluptatibus
986 1068 1054 1122 per.-

377 1147 470 1186 nussrs
491 1144 604 1201 quoque
626 1142 655 1182 et
676 1141 784 1182 usitatis
804 1140 1022 1200 temperantiam
1043 1149 1057 1200 ς

376 1206 454 1267 haud
483 1203 625 1263 tolerabili
655 1202 716 1262 vini
745 1200 896 1279 cupiditate
925 1204 1053 1270 foedavit,

377 1284 471 1346 Hoste
487 1302 516 1343 et
531 1284 634 1343 aenrulo
650 1281 730 1359 regni
746 1301 891 1357 reparante
908 1302 968 1343 turn
984 1305 1053 1345 cum

377 1365 503 1424 maxime
514 1363 621 1421 bellurn
635 1383 645 1432 3
663 1379 752 1436 nuper
768 1362 911 1429 subactis,
927 1384 998 1439 quos
1010 1366 1055 1425 vi·

376 1462 471 1510 cetat,
482 1460 647 1517 novumque
658 1438 809 1515 imperium
820 1443 1052 1518 aspernantibus3

252 1566 261 1579 .
346 1569 348 1573 .
377 1522 412 1582 de
423 1523 468 1582 die
480 1522 569 1580 inibat
588 1520 743 1586 convivia,
764 1518 862 1594 quibus
874 1520 986 1580 feminae
1006 1523 1053 1582 in·

375 1620 520 1664 tererant:
538 1619 596 1659 non
619 1597 733 1675 quidem
756 1619 824 1674 quas
845 1598 948 1659 violari
969 1603 1049 1664 nefas

377 1698 471 1754 esset;
492 1681 595 1758 quippe
610 1678 728 1755 pellices
745 1677 873 1737 licentius
892 1699 977 1755 quarn
997 1683 1051 1742 de·

376 1762 544 1824 emarcum
562 1776 673 1819 armato
692 1758 787 1817 vivere
807 1776 931 1819 assueta.
945 1758 987 1819 Ex
1006 1761 1049 1822 his

374 1860 431 1902 una
454 1838 546 1900 Thais
567 1837 674 1913 etipsa
695 1836 873 1905 temulenta,
897 1838 1050 1906 maximam

375 1916 446 1997 apud
464 1936 560 1978 omues
585 1912 746 1980 Graerorurn
772 1913 903 1974 initurum
922 1918 1050 1994 gratiam

373 1996 517 2065 affirmat,
537 1994 563 2055 si
576 1994 683 2074 regiam
693 1991 843 2064 Persarum
851 1994 986 2072 jussisset
999 1998 1047 2058 irr-

375 2074 468 2140 randi.
490 2072 538 2135 Ex
557 2093 647 2134 errare
668 2072 717 2131 lroe
740 2092 808 2143 eos,
833 2093 945 2150 quorum
968 2076 1049 2137 urbes

374 2153 483 2216 barbari
501 2095 651 2214 dedissem.
664 2152 752 2212 Ebrio
764 2170 859 2213 scorto
875 2154 910 2212 de
922 2172 999 2216 tanta
1016 2179 1047 2218 re

371 2236 481 2301 ¹serente
493 2231 684 2301 sententiam,
702 2252 775 2291 unus
793 2251 822 2292 et
835 2232 928 2303 alter,
946 2255 975 2295 er
992 2237 1049 2314 ipsi

372 2334 457 2380 mero
469 2313 578 2374 onerati
590 2352 600 2379 ‚
622 2311 786 2372 assentiunt.
797 2313 860 2372 Rex
870 2334 984 2390 quoque
994 2317 1048 2379 fuit

371 2393 504 2462 avidior,
541 2413 609 2452 uam
625 2390 799 2466 patientior:
811 2389 876 2468 puin
895 2391 982 2472 igitur
999 2394 1047 2455 ul-

372 2471 507 2538 ciscimur
517 2413 676 2537 graciam,
689 2488 717 2529 et
727 2467 874 2544 urbifoces
885 2470 1046 2538 subdimur?

371 2551 486 2616 Omnes
502 2551 678 2611 incaluerant
689 2569 797 2614 mero:
816 2550 911 2625 itaque
929 2572 1047 2644 surgunt

371 2631 522 2694 temulenti
535 2630 569 2689 ad
580 2627 786 2689 incendendam
796 2631 896 2690 urbem
911 2650 920 2702 3
941 2653 987 2693 cut
997 2655 1044 2694 ar-

372 2711 444 2774 mati
454 2727 648 2788 pepercerant.
659 2707 769 2768 Primus
779 2728 829 2767 rex
845 2707 941 2789 ignem
958 2712 1041 2790 regiae

369 2789 471 2867 iniecit
480 2812 494 2861 ς·
507 2807 568 2848 turn
578 2787 707 2847 convivae
718 2803 746 2846 et
756 2788 896 2857 ministri,
911 2788 1041 2865 pellices-

369 2888 437 2945 que.
450 2868 543 2929 lllulta
555 2866 639 2926 cedro
650 2865 783 2926 aedificata
794 2886 854 2929 erat
867 2869 962 2960 regia:
978 2890 1039 2945 quae

370 2949 499 3012 celeriter
511 2948 577 3028 igne
590 2963 756 3024 concepto,
769 2947 835 3016 ,late
849 2947 923 3014 sudu
938 2946 1039 3032 incenss
