2625 4017
403 528 462 608 14⁶
577 529 907 608 Q.CURT11,

353 661 356 667 ·
397 634 496 714 fugam
516 628 584 698 uia,
606 648 760 706 erumpunt
772 656 794 698 ‚t
804 652 883 690 arma
905 628 1066 706 jacientes,

397 734 460 791 quae
468 710 556 788 paulo
565 727 631 769 ante
642 709 676 768 ad
685 711 804 771 tutelam
813 730 967 786 corporum
975 731 1071 786 sump-

397 808 493 853 serant
505 811 513 847 ε
525 790 597 848 adeo
608 809 700 866 pavor
707 790 795 849 etiam
808 790 914 852 auxilia
925 789 1071 850 formidat.

398 864 523 931 Instabat
544 866 714 947 fugientibus
734 888 819 945 eques
842 890 858 926 a
881 867 1070 927 Parmenione

399 950 521 1015 missus,
547 966 576 1006 et
593 946 667 1006 forte
685 947 713 1005 in
733 948 760 1006 id
779 967 870 1007 cornu
887 966 988 1006 omnes
1003 947 1072 1027 fuga
1091 1001 1096 1006 .

398 1029 561 1089 abstulerat.
583 1029 624 1085 At
640 1026 669 1084 in
689 1025 790 1085 dextro
811 1025 899 1086 Persae
918 1024 1072 1085 Thessalos

398 1106 507 1185 equites
519 1103 704 1166 vehementer
713 1107 861 1184 urgebant.
879 1104 1002 1181 Jamque
1014 1125 1071 1164 una

398 1190 444 1246 ala
455 1187 516 1263 ipso
527 1184 634 1261 impetu
642 1186 805 1260 proculcata
815 1202 875 1242 erar
885 1205 894 1253 3
904 1204 972 1242 curn
981 1182 1073 1246 Thes·

398 1265 451 1327 sali
461 1282 573 1323 strenue
585 1262 761 1322 circumactis
777 1263 857 1339 equis
868 1262 968 1339 dilapsi
978 1303 990 1332 ,
1012 1284 1071 1323 rur·

399 1366 445 1403 sus
469 1342 499 1400 in
526 1340 653 1417 praelium
678 1342 822 1409 redeunt,
851 1362 1014 1418 sparsosque
1041 1360 1072 1402 er

399 1418 607 1497 incompositos
630 1418 753 1481 victoriae
780 1420 882 1479 fiducia
906 1422 1071 1491 barbaros,

325 1523 329 1530 ⁴
400 1500 509 1581 ingenti
518 1497 592 1557 caede
603 1516 792 1574 prosternunt.
802 1498 873 1575 Equi
881 1499 984 1577 pariter
992 1500 1072 1576 equi-

401 1598 497 1657 resque
509 1577 657 1637 Persarum
674 1579 745 1637 serie
758 1578 928 1637 laminarum
945 1599 1045 1658 graves
1060 1618 1071 1647 ,

400 1678 527 1740 agmen,
545 1656 620 1732 quod
635 1658 779 1717 celeritate
794 1656 920 1717 maxime
936 1673 1047 1717 constat
1060 1698 1072 1727 ,

401 1758 473 1819 agre
484 1735 685 1797 moliebantur.
703 1735 820 1813 Quippe
831 1736 860 1794 in
872 1736 1070 1816 circumagen-

401 1818 441 1875 dis
451 1814 528 1893 equis
537 1812 727 1879 suisTbessali
737 1816 1072 1891 multosoc'eupaverant.

400 1895 466 1954 Hac
485 1910 544 1951 tam
562 1913 694 1969 prospera
713 1909 807 1973 pugna
826 1894 976 1963 nuntiata,
997 1893 1070 1954 Ale-

400 1973 507 2042 xander
523 1990 582 2030 non
594 1990 660 2031 anre
676 1994 757 2034 ausus
773 1973 901 2050 persequi
914 1974 1070 2042 barbaros,

399 2052 541 2126 utrimque
551 2050 609 2128 jam
619 2051 711 2113 victor
721 2052 822 2112 instare
832 2049 1001 2131 fugientibus
1012 2074 1071 2112 cue-

400 2132 452 2209 pit.
464 2130 549 2189 Haud
560 2130 681 2207 amplius
692 2151 787 2210 regem
799 2152 884 2209 quarn
896 2131 976 2189 mille
988 2131 1070 2207 equi-

402 2228 443 2270 tes
466 2208 671 2285 sequebantur,
695 2231 761 2270 cum
789 2209 889 2291 ingens
915 2208 1069 2270 multitudo

399 2288 525 2349 hostium
537 2287 658 2348 caderet.
680 2289 734 2348 Sed
744 2288 805 2365 quis
822 2307 870 2347 aut
887 2288 916 2347 in
928 2288 1069 2359 victoria,

400 2385 450 2430 aut
469 2368 499 2429 in
517 2366 584 2446 fuga
605 2367 701 2444 copias
721 2367 881 2427 numerat?
904 2368 1071 2446 Agebantur

399 2468 471 2528 ergo
482 2467 497 2505 a
509 2463 568 2504 tam
579 2448 675 2523 paucis
685 2467 821 2524 pecorum
832 2447 938 2519 mod03
955 2462 983 2505 et
994 2446 1071 2507 idem

400 2544 512 2592 metus,
529 2526 577 2601 qui
588 2528 709 2604 cogebat
720 2527 816 2605 fugere
826 2566 837 2593 ‚
855 2526 994 2605 fugientes
1005 2548 1073 2585 mc-

400 2608 523 2666 rabarur.
544 2604 585 2663 At
601 2603 716 2673 Gracci,
735 2607 785 2681 qui
805 2604 833 2662 in
850 2604 931 2663 Darii
947 2605 1071 2679 partibus

402 2698 555 2751 steterant,
575 2684 701 2760 Amynta
714 2684 783 2744 duce
798 2688 923 2760 (praetor
940 2682 986 2743 liic
996 2683 1071 2743 Ale-

355 2815 359 2822 .
402 2762 502 2823 atandri
514 2760 567 2819 fuit
577 2801 586 2829 ,
597 2782 674 2821 nunc
684 2763 824 2841 transfuga
835 2763 849 2831 )
862 2762 971 2838 abrupti
988 2784 1003 2822 a
1022 2783 1072 2823 ce-

401 2843 488 2910 teris,
513 2837 586 2899 haud
601 2859 666 2900 sane
675 2838 844 2920 fugientibus
854 2840 959 2902 similes
970 2861 1071 2902 evase·

400 2940 474 2984 rant.
491 2918 607 2989 Barbari
616 2920 706 3002 longe
716 2920 855 2993 diversam
864 2920 964 3002 fugam
974 2921 1073 2986 inten-
