2625 4017
320 572 355 645 ΧΓ,
414 557 889 651 DEQtCURTrrVrT'n'

320 677 448 732 tannidenr
472 678 581 730 Neronis
605 677 768 743 Vespasianus
795 676 906 729 feliciter
930 679 998 732 reric¹

320 746 462 811 inperium.
486 746 620 799 Laudarier
641 763 698 797 sane
720 744 856 806 Traianus:
876 747 919 798 sed
942 764 994 798 non

320 832 353 865 eo
369 814 502 868 iilaudatns
520 814 693 879 Vespasianus.
715 816 768 863 Nec
786 812 813 862 in
829 813 938 879 tyrannis
956 832 995 866 re·

318 879 426 947 ponitur
440 900 453 932 a
469 884 575 934 Victore
592 880 754 945 Vespasianus
771 897 777 929 :
798 879 839 945 qui
856 887 866 941 (
875 892 903 935 ut
918 886 996 933 Tran-

322 948 415 1014 quillus
435 950 488 1012 ait)
505 952 534 1001 ab
552 952 622 1001 initio
641 950 793 1016 principatus
807 966 877 1015 usque
892 950 925 1001 ad
940 954 995 1003 exi-⁵

319 1031 392 1075 tum,
412 1019 512 1076 civilis,
534 1034 557 1070 et
573 1020 674 1069 clemens
694 1014 759 1079 fuit.
777 1018 856 1074 uno,
877 1030 903 1068 ut
926 1016 994 1069 idem

321 1082 426 1143 scribit,
445 1089 497 1137 soie
513 1101 548 1138 est
564 1119 572 1143 ,
596 1086 621 1134 in
637 1099 683 1149 pua
699 1083 786 1135 merita
802 1086 931 1149 culpetur,
951 1098 994 1152 pt·

319 1153 401 1204 cunia
413 1154 548 1219 cupiditas„
557 1150 626 1213 Quin
640 1166 721 1219 vero,
745 1164 771 1199 ut
792 1165 878 1212 postea
894 1152 995 1212 subjun-

321 1215 381 1285 git,
398 1235 455 1270 sunt
469 1220 510 1286 qui
528 1221 653 1286 opinentur
669 1216 700 1267 ad
715 1216 840 1268 manubias
854 1234 878 1269 et
894 1221 994 1286 rapinas

321 1288 462 1338 necessitate
485 1290 657 1353 compulsum,
681 1301 774 1334 summa
795 1287 879 1336 aerarii
892 1289 996 1352 fiscique

321 1353 404 1418 inopia
418 1370 425 1401 t
444 1354 471 1403 de
486 1370 531 1417 pua
545 1354 689 1415 testificatus
698 1352 730 1400 sit
741 1351 811 1402 initio
827 1354 912 1402 statim
920 1356 994 1421 prin·

321 1419 417 1485 cipatus
434 1452 442 1475 ,
462 1420 599 1485 professus,
618 1419 814 1483 quadringenties
832 1421 920 1470 millies
937 1440 995 1486 opus

255 1499 258 1504 '
320 1501 388 1541 csse,
407 1500 435 1535 ut
451 1502 513 1552 resp.
527 1501 592 1536 stare
603 1486 690 1552 possit.
707 1486 775 1546 Quoa
792 1500 815 1536 et
835 1488 996 1540 verisimilius

321 1551 438 1609 videtur,
461 1553 552 1617 quando
569 1568 592 1603 et
607 1556 669 1604 male
681 1554 760 1619 partis
777 1553 862 1617 optime
877 1570 932 1603 usus
948 1570 996 1606 est.

319 1620 408 1681 Itaque
430 1618 592 1681 Vespasianus
615 1617 679 1668 inter
702 1617 812 1681 optimos
832 1617 995 1683 imperatores

320 1684 373 1749 jure
387 1685 516 1749 reponitur
529 1704 543 1735 a
556 1685 669 1749 Vopisco
683 1684 709 1733 in
721 1684 876 1745 Arretino,
891 1687 930 1738 Ab
941 1688 996 1740 Aa·

318 1768 411 1821 gusto,
428 1752 526 1817 inquit,
542 1755 569 1803 in
584 1754 784 1810 Diocletianum,
802 1755 997 1806 Maximianum·

320 1836 381 1885 pue,
391 1822 528 1888 principes,
543 1838 594 1886 pue
608 1823 681 1873 series
690 1836 880 1887 purpuratorum
893 1823 941 1879 sit,
956 1824 995 1873 in-

321 1888 368 1940 des
380 1887 491 1954 publicus
506 1903 579 1940 tenet·
595 1889 640 1938 Sed
656 1888 682 1936 in
699 1888 735 1937 iris
752 1889 852 1955 optimi,
874 1890 921 1955 ipse
936 1890 995 1941 Au·

317 1969 408 2021 gustus
422 1991 432 2011 ,
456 1956 557 2006 Flavius
580 1955 765 2021 Vespasianus,
790 1954 860 2005 neus
882 1957 995 2022 Coccejzts

319 2022 426 2079 Nerva,
442 2023 513 2073 divus
527 2021 660 2086 Trajanus‚
675 2023 722 2069 &a
732 2022 814 2081 Quare
828 2038 884 2071 cum
900 2021 994 2073 Victor

315 2086 430 2151 -loquitur
448 2085 599 2145 demulsis,
617 2102 642 2137 et
661 2086 784 2138 atrocibus
799 2088 924 2152 tyrannis3
942 2106 994 2140 non

320 2151 496 2217 Vespasianum
520 2153 621 2219 signat,
648 2160 746 2219 (quern
766 2154 819 2217 ipse
842 2156 901 2216 ait„
916 2175 993 2208 eatan·

317 2238 391 2290 gurm
413 2224 455 2273 diu
466 2224 602 2287 fessumque
622 2238 751 2286 terrarum·
767 2223 845 2274 orbem
862 2223 932 2276 brevi
950 2242 993 2277 rer

314 2290 403 2352 secisse
420 2311 428 2337 :
445 2290 488 2338 sed
507 2286 651 2347 Tiberium,
670 2288 826 2354 Caligulam,
845 2291 971 2340 Neronem
983 2329 994 2351 ‚

317 2348 509 2416 Domitianum,
528 2370 557 2405 ut
573 2357 603 2406 de
622 2354 730 2405 Vitellio
749 2354 812 2405 nihil
830 2356 922 2408 dicam.
936 2360 994 2412 Ne·

317 2438 381 2485 que,
401 2440 451 2487 quae
467 2425 498 2473 de
521 2421 610 2472 inertia
633 2422 810 2487 imperatorum
828 2424 992 2488 conqueritur

317 2490 427 2549 Florus,
445 2489 667 2555 ed·Vespasianurn
691 2490 815 2554 pertinent
837 2490 990 2556 quicquam:

317 2556 360 2621 qui
375 2558 420 2607 sub
437 2557 544 2610 Claudio
562 2564 609 2619 (ut
624 2558 659 2607 ait
678 2555 852 2621 Tranquillus)
868 2560 928 2609 duas
945 2577 991 2616 νας

317 2627 451 2677 fidissimus
465 2642 570 2694 gentes,
595 2640 708 2692 superque
725 2636 768 2673 xx
785 2627 891 2691 oppida,
907 2642 930 2677 et
949 2629 991 2677 in-

317 2694 397 2743 sulam
412 2693 507 2745 Vectem
524 2730 532 2749 ‚
550 2693 687 2742 Britannia
701 2689 862 2758 proximam,
882 2695 908 2743 in
924 2695 992 2750 dedis·

317 2758 407 2809 tionem
423 2761 525 2834 redegit.
544 2761 616 2808 Notae
633 2774 730 2822 quoque
742 2774 785 2818 nes
802 2760 880 2809 abeo
896 2791 904 2817 ,
921 2758 991 2817 fidia.-

317 2838 383 2889 que,
397 2822 423 2872 in
438 2827 542 2875 Oriente
560 2840 650 2890 gestae,
668 2823 962 2884 rebellantibusiudeiso
980 2857 987 2882 ,ι

320 2921 325 2929 -
348 2891 435 2956 Atque
451 2892 503 2942 hee
525 2894 590 2953 clare
609 2893 719 2951 ducein,
740 2892 818 2953 nihils
830 2908 906 2952 cause
922 2908 994 2953 esen.

314 2972 361 3012 tut
375 2958 735 3036 de2Vespesipui.‚sernporibsss1
744 2958 826 3037 Qursii
841 2960 916 3020 rerba
929 2973 991 3027 non·
