2625 4017
502 575 700 663 brnen
751 587 826 666 tn.
935 609 1005 692 ¹50,¹

328 689 423 768 libus,
446 719 562 778 propter
576 724 636 778 quae
652 700 754 762 ultima
771 699 897 762 Orientis
913 721 999 778 pera-¹

327 798 502 858 graverant,
529 784 692 841 cremabant
713 781 856 841 incendio.
880 776 1001 843 Famem

328 858 429 917 deinde
445 860 603 936 pestilentia
621 866 714 919 secuta
726 876 787 919 est:
806 860 911 937 quippe
927 860 1002 920 insa*

326 936 453 996 lubrium
462 938 590 997 ciborum
599 940 668 1000 novi
676 940 751 998 succi
761 978 770 1004 ,
782 939 816 997 ad
827 938 883 998 hoc
894 938 1001 999 itineris

326 1015 434 1085 labor,
461 1032 488 1075 et
515 1017 649 1096 agritudo
675 1016 786 1085 animi,
814 1017 1001 1097 vulgaverant

326 1096 466 1164 morbosa
488 1112 516 1152 et
533 1116 586 1155 nec
605 1112 722 1155 manere
740 1093 800 1156 sine
820 1096 920 1166 clade,
944 1113 1000 1157 nee

327 1173 461 1251 progredi
476 1185 608 1250 poterant
621 1190 629 1235 t
643 1192 789 1233 manentes
804 1174 891 1247 fumes
902 1183 918 1243 ‚'
928 1194 999 1249 pro·-

327 1256 438 1331 'gressos
464 1253 556 1311 acrior
576 1253 734 1329 pestilentia
761 1255 888 1333 urgebat.
920 1252 999 1334 Ergo

324 1330 403 1390 strati
419 1333 603 1408 erantcampi
613 1352 686 1409 pene
701 1331 824 1411 pluribus
834 1331 997 1401 semivivis,

322 1429 413 1487 quam
435 1408 625 1473 cadaveribus.
646 1412 691 1470 Ac
713 1431 749 1470 ne
771 1411 862 1472 leuius
882 1410 997 1487 quidem

314 1486 393 1565 'aegri
407 1489 482 1564 sequi
497 1507 647 1565 poterant3
662 1490 764 1566 quippe
775 1502 877 1569 agmen
893 1489 996 1567 raptim

323 1568 479 1645 agebatur,
496 1586 607 1626 tantum
623 1570 739 1647 singulis
755 1568 789 1627 ad
805 1586 884 1644 spem
901 1567 997 1628 salutis

323 1643 402 1722 ipsos
420 1644 557 1721 proficere
577 1647 751 1707 credentibus
763 1684 773 1715 ,
785 1663 930 1723 *quantum
947 1646 997 1707 iti*

321 1723 401 1784 neris
411 1724 570 1784 festinando
582 1724 772 1803 praeriperent.
785 1724 874 1805 lgitut
888 1724 936 1802 qui
946 1726 997 1786 de<

320 1802 470 1871 fecerant,
491 1821 575 1863 notos
587 1806 756 1884 ignotosque
770 1842 779 1872 ,
799 1820 828 1862 ur
839 1800 997 1863 allevaren*

321 1891 392 1949 tur,
419 1884 548 1943 orabant.
576 1882 630 1943 Sed
654 1901 707 1943 nec
733 1882 858 1960 jumenta
881 1899 994 1954 erant,

322 1959 423 2037 quibus
444 1962 536 2037 excipi
551 1979 684 2038 possent3
707 1975 736 2021 et
750 1962 832 2021 miles
846 1960 895 2022 vix
914 1971 994 2023 arma‘

319 2043 470 2117 portabat,
486 2040 716 2117 imminentisque
729 2042 816 2100 eriam
830 2040 895 2116 ipsis
907 2040 994 2101 facies

320 2118 393 2178 mali
410 2136 475 2177 ante
490 2121 591 2178 oculos
608 2138 678 2180 erat.
697 2119 773 2199 Ergo
791 2119 886 2195 saepius
904 2140 991 2179 revo-

321 2196 397 2265 cari,
416 2218 454 2258 ne
464 2198 599 2274 respicere
609 2198 722 2274 quidem
731 2218 795 2257 suos
803 2197 995 2270 sustinebanta

319 2274 513 2336 misericordia
533 2277 561 2335 in
576 2277 758 2336 formidinem
775 2296 866 2337 versa.
885 2275 931 2334 llli
950 2296 996 2334 re·

317 2354 384 2415 licti
397 2352 478 2414 Deos
494 2372 600 2424 restes,
617 2375 698 2415 sacra
716 2352 888 2421 communia,
905 2352 996 2431 regis-

318 2451 372 2511 que
381 2432 571 2511 implorabant
582 2454 657 2513 opem
671 2461 679 2493 :
692 2452 814 2509 cumque
826 2431 922 2491 frustra
934 2454 994 2506 sur·

317 2510 368 2571 das
377 2531 454 2573 aures
464 2513 628 2592 fatigarent,
642 2513 671 2571 in
681 2513 786 2571 rabiem
795 2510 993 2587 desperatione

316 2589 412 2659 uersi,
431 2611 526 2672 parem
541 2612 590 2651 suo
604 2590 731 2659 exitum,
751 2586 910 2666 similesque
921 2587 993 2667 ipsis·

318 2668 425 2729 amicos
443 2686 470 2729 et
488 2667 695 2730 contubernales
714 2671 910 2746 precabantur.
930 2668 992 2727 Rex

315 2748 419 2809 dolore
429 2748 513 2809 simul
527 2771 561 2809 ac
571 2749 678 2827 pudore
690 2748 809 2815 anxius,
825 2746 889 2823 quia
907 2766 991 2807 causa

316 2842 401 2887 tantae
417 2828 503 2889 cladis
521 2829 579 2905 ipse
596 2845 688 2899 essert
710 2829 743 2887 ad
761 2822 992 2901 Phrataphernen

314 2903 626 2988 Partirorumflsatrapen
636 2906 733 2975 misit,
750 2906 798 2983 qui
815 2904 925 2977 iuberet
941 2920 993 2961 ca·

312 2983 394 3062 rntlis
415 2998 499 3058 rocta
513 2980 623 3052 cibaria
639 2976 740 3068 affine
758 2982 996 3149 aptior-'quoque

822 3102 841 3144 u
861 3101 893 3162 ng
