2625 4017
436 553 628 623 ιιιειι
668 560 761 625 ιιι.
886 571 941 640 125

261 658 397 741 duidquid
409 659 473 721 usui
483 669 542 723 esse
555 678 670 740 potest,
688 660 865 742 corrumpit3
883 684 940 726 ste·

263 744 314 802 tile
323 762 359 803 ac
368 739 480 801 nudum
490 743 603 812 solum,
618 742 695 819 qnod
705 745 776 804 tueri
787 744 940 821 nequibat,

262 822 425 882 relicturum
439 811 495 881 Sed
511 822 597 901 longe
615 822 712 882 utilius
726 821 779 882 fuit
793 824 941 904 angustiae

262 902 374 969 aditus,
390 898 440 975 qui
457 898 591 961 Ciliciam
608 900 717 976 aperit,
734 901 831 962 valido
849 922 939 964 oecu-

263 1000 329 1057 pare
339 978 491 1058 praesidio,
507 979 661 1059 jugumque
674 1000 832 1055 opportune
842 977 940 1044 itineri

263 1060 419 1119 imminens
434 1059 583 1130 obtineret
605 1058 679 1118 unde
696 1059 801 1119 inultus
813 1064 939 1126 subeon?

263 1156 322 1197 rem
340 1153 392 1198 aut
406 1136 558 1214 prohibere
579 1154 628 1198 aur
645 1136 807 1213 opprimere
824 1138 939 1201 hostem

261 1217 410 1293 potuisset.
426 1214 513 1276 Nunc
527 1217 645 1294 paucis,
665 1215 715 1292 qui
730 1216 848 1277 callibus
863 1237 938 1293 pre-

263 1296 411 1365 nderent,
434 1295 564 1365 relictis,
589 1313 666 1356 tetro
689 1295 747 1371 ipse
771 1297 938 1371 concessits

261 1376 537 1452 populatorem,
558 1392 646 1452 quam
667 1394 684 1433 a
705 1376 939 1453 populationibus

261 1454 406 1517 vindicate
417 1451 562 1516 debuerat.
571 1453 665 1535 Ergo,
676 1454 723 1530 qui
733 1454 824 1515 relicti
834 1473 936 1526 etant,

260 1534 389 1610 proditos
410 1551 440 1591 se
460 1533 533 1602 rati,
556 1552 593 1593 ne
613 1549 796 1610 conspectum
819 1535 936 1612 quidem

261 1612 350 1672 hostis
366 1609 501 1673 sustinere
515 1611 693 1684 voluerunt3
715 1630 782 1672 cum
800 1613 848 1673 vel
863 1634 936 1691 pau*

259 1691 353 1753 tiores
366 1692 468 1779 locum
479 1690 607 1751 obtinere
620 1691 788 1768 potuissem.-
800 1691 937 1770 Namque

260 1789 404 1849 perpetuo
420 1790 490 1849 yugo
511 1770 617 1830 montis
638 1770 729 1847 asperi
749 1790 783 1830 ac
807 1771 937 1848 praerupti

261 1850 367 1911 Cilicia
376 1848 629 1927 includituttquod
637 1850 811 1910 tumamari
820 1868 935 1931 surgat,

259 1930 351 1991 veluti
373 1930 437 1989 sinu
459 1928 584 2006 quodam
606 1928 736 2007 flexuque
758 1951 937 2000 curvarum,

259 2029 352 2069 rursus
370 2008 462 2068 altero
477 2028 568 2068 cornu
591 2008 620 2066 in
639 2007 778 2069 diversum
797 2010 862 2070 litus
880 2030 936 2070 ex-

258 2089 357 2148 currit.
371 2087 426 2148 Per
438 2085 494 2147 boc
511 2088 648 2156 domums
672 2083 726 2163 qud
746 2088 872 2149 maxime
890 2088 939 2147 in·

261 2184 387 2227 trorsum
400 2166 474 2227 mari
490 2167 587 2234 cedit,-
602 2167 693 2244 asperi
707 2183 762 2226 tres
773 2167 885 2236 aditus,
905 2184 937 2228 et

258 2245 423 2327 perangusti
439 2263 503 2306 sunt
521 2286 532 2316 ‚
550 2266 672 2323 quorum
689 2267 748 2306 uno
768 2246 874 2306 Cilicia
890 2245 937 2305 in-

259 2326 360 2385 tranda
377 2341 430 2387 est.
447 2324 619 2402 Campestris
643 2324 744 2384 eadem
763 2338 817 2399 qua
842 2324 938 2403 vergit

259 2405 294 2464 ad
320 2425 428 2474 mare,
454 2406 602 2481 planitiem
626 2405 686 2481 ejus
707 2402 811 2463 crebris
834 2402 938 2466 distin-

259 2485 412 2564 guentibus
424 2482 507 2547 rivis:
519 2484 654 2561 Pyramus
668 2498 696 2543 et
705 2480 821 2559 Cydnus
836 2479 937 2558 inclyti

260 2579 359 2623 amnes
369 2562 470 2623 fluunt.
479 2562 594 2641 Cydnus
606 2583 664 2623 non
677 2560 769 2639 spatio
778 2579 937 2637 aquarum,

261 2643 306 2701 sed
316 2643 429 2719 liquore
438 2642 632 2703 memorabilis
642 2665 651 2701 :
660 2642 764 2718 quippe
775 2638 833 2699 leni
844 2655 936 2700 tractu

261 2721 414 2782 efontibus
426 2722 523 2781 labens
534 2742 607 2799 puro
624 2723 689 2781 solo
703 2717 853 2796 excipitur.
868 2717 899 2779 N
900 2737 937 2780 ec

261 2810 399 2860 torrentes
413 2801 581 2869 incurrunt,
599 2801 647 2876 qui
663 2798 774 2877 placide
791 2798 935 2862 manantis

262 2878 374 2939 alveum
383 2883 507 2943 turbent.
521 2881 618 2956 ltaque
628 2878 826 2956 incorruptus,
842 2876 936 2938 idem·

264 2973 315 3033 que
333 2958 546 3041 frigidissimus,
566 2958 671 3038 quippe
695 2959 785 3018 multa
807 2959 936 3034 riparum

762 3051 838 3136 biij
