2625 4017
381 562 441 631 400
561 524 938 633 ornarit·

380 655 512 719 omnibus
525 654 736 721 interemerunt.
749 657 889 719 Celeriter
900 655 933 719 ad
948 656 1060 723 Cratess

380 757 445 808 rum
457 735 538 812 hujus
549 737 634 795 clat’is
644 736 720 796 fama
735 740 843 814 perlata
856 755 915 810 est3
927 739 977 816 qui
989 762 1060 802 cum

382 817 463 877 omni
483 816 607 891 equitatu
630 817 790 893 supervenit
808 841 816 877 :
834 834 864 877 et
889 818 1059 902 Massagetae

382 895 504 973 quidem
515 894 573 973 jam
589 895 770 975 refugerant3
791 896 881 956 Dahae
898 897 982 957 mille
1001 920 1059 977 op-

380 976 467 1054 pressi
484 993 566 1033 sunt:
582 995 704 1052 quorum
725 975 804 1046 clade
822 976 910 1036 totius
929 978 1058 1057 regionis

380 1053 893 1133 finitadefectiorllexanderquoque
903 1055 1058 1137 Sogdianis

380 1154 471 1195 rursus
499 1134 641 1201 subactiS,
666 1134 836 1194 Maracanda
862 1138 978 1211 repetit.
1010 1138 1057 1197 lbi

379 1214 499 1279 Berdes,
518 1212 647 1289 quemad
666 1212 782 1289 Scythas
792 1234 876 1291 super
891 1215 1057 1291 Bosporum

379 1295 507 1372 colentes
525 1293 657 1360 miserat,
683 1313 749 1352 curn
769 1293 869 1373 legatis
887 1295 981 1374 gentis
998 1315 1056 1355 oc-

365 1369 717 1463 :cprri'rsfifhrataphernes
735 1392 873 1448 quoque,
901 1374 949 1448 qui
968 1371 1054 1436 Cho-

290 1519 295 1530 l
366 1449 632 1526 u'ttffi‘r'uii'spraeerat,
652 1451 836 1530 Massagetis,
853 1469 882 1510 et
893 1451 986 1516 Dabis
1002 1474 1052 1513 re·-

365 1536 370 1592 i
408 1537 498 1591 on'um
513 1529 645 1599 ..confinio
667 1528 815 1607 adjunctus
835 1532 977 1600 miserat,
1001 1531 1053 1607 qui

369 1547 511 1691 Moturum
524 1666 526 1669 .
539 1606 673 1689 imperata
695 1609 908 1686 pollicerentur.
939 1608 1053 1687 Scythae

374 1693 508 1772 petebant
519 1695 534 1757 ζ·
552 1706 582 1747 ut
601 1686 678 1777 regis
698 1686 742 1747 sui
757 1684 854 1767 filiurn
875 1688 1053 1749 matrimonio

376 1768 432 1832 sibi
444 1771 583 1847 jungeret.
600 1764 632 1826 Sa
650 1764 845 1846 dedignaretur
857 1763 1051 1844 affinitatem

371 1847 512 1937 principes
527 1844 711 1905 Macedonum
728 1866 787 1905 curn
802 1844 970 1927 primoribus
988 1868 1050 1907 suae

371 1945 469 2009 genus
484 1924 617 1987 connubio
633 1924 706 1985 coire
713 1942 863 2005 pateretur.
876 1923 971 2005 iprum
983 1946 1053 2004 quo·

366 2065 368 2070 .
393 2028 425 2066 ue
437 2025 528 2084 regern
545 2022 689 2065 venturum
701 2003 737 2063 ud
756 2024 816 2064 eum
826 2006 1049 2082 pollicebantur.

364 2119 368 2146 ·.
409 2104 506 2161 traque
528 2082 672 2166 legatione
693 2084 813 2164 benigne
829 2084 953 2151 audita,
981 2085 1049 2146 He-

362 2164 556 2247 -phaestionem
567 2182 596 2223 et
605 2165 778 2225 Artabazum
791 2163 961 2241 opperiens,
985 2181 1047 2226 sta-

364 2243 1048 2323 ,tivahabuit3quibusadjunctis,inregionem,

364 2348 434 2405 ·quae
444 2325 601 2401 appellatur
613 2319 752 2401 Raparia,
763 2322 902 2400 pervenit.
915 2324 1047 2385 Barbarae

363 2403 559 2482 ‚opulentiaein
567 2400 624 2462 illis
633 2401 704 2461 locis
712 2399 784 2461 haud
794 2402 852 2462 ulla
860 2403 1047 2481 suntmajora

370 2484 475 2547 indicia
488 2522 497 2550 ‚
516 2504 602 2559 quam
612 2502 657 2539 ma
661 2479 723 2561 gnis
736 2482 899 2546 nemoribus
910 2482 1052 2543 saltibus*

363 2584 426 2643 ,que
440 2561 583 2623 nobilium
598 2561 721 2620 ferarum
734 2580 832 2642 greges
850 2559 949 2623 clausi.
969 2562 1045 2639 Spa·

363 2645 458 2708 ,tiosas
466 2640 501 2701 ad
510 2639 566 2700 hoc
579 2640 688 2720 eligunt
703 2640 808 2718 silvasj,
827 2639 930 2700 crebris
939 2661 1047 2717 peren-

361 2722 451 2786 ·nium
477 2740 614 2798 aquarum
637 2718 761 2780 fontibus
786 2740 923 2782 amoenas.
950 2720 1045 2789 Muris

362 2822 489 2874 nemora
507 2799 677 2880 cinguntur,
699 2816 841 2875 turresque
858 2798 971 2873 habent·
986 2814 1042 2865 vei·

368 2882 499 2944 nantium
524 2877 712 2955 receptacula.
739 2873 872 2955 Quatuor
892 2878 1044 2956 continuis

361 2960 494 3035 'natibus
504 2957 643 3023 intactum
660 2959 769 3038 saltum.
779 2955 864 3033 fuisse
878 2960 1045 3027 constabat.

940 3055 1047 3136 Quem
