2625 4017
448 565 638 629 LIBER
680 564 723 632 X.
863 575 922 650 553¹

246 685 320 738 ‘uem
348 668 525 750 opprimendi
553 668 657 729 noxios
686 669 797 728 ineunt.
822 666 923 732 Placet
959 669 992 750 j
1107 695 1111 702 ·

247 751 405 815 exercitum
422 748 514 830 patrio
530 767 602 808 more
618 745 744 809 lustrari.
763 747 800 808 Et
815 751 923 826 proba·
1095 749 1113 770 ⁸

246 834 315 894 bilis
337 852 420 892 causa
444 829 589 890 videbatur
612 827 751 904 praeterita
770 828 923 894 discordia·¹

245 911 446 974 Macedonum
462 927 541 988 reges
554 907 594 965 ita
611 908 728 967 lustrare
746 907 823 967 soliti
839 925 922 970 erant

246 991 377 1059 milites,
393 1006 424 1049 ut
434 986 551 1046 discissae
562 987 639 1045 canis
654 985 762 1047 viscera
772 987 876 1046 ultimo
890 987 922 1048 in

246 1090 379 1148 campo,
400 1068 431 1127 in
448 1085 534 1143 quem
552 1065 735 1125 deduceretur
752 1066 891 1127 exercitus
908 1107 921 1139 ,

247 1153 287 1212 ab
299 1167 414 1225 utraque
426 1145 613 1219 abjicerentur
625 1162 723 1221 parte:
736 1143 808 1205 intra
817 1146 845 1206 id
857 1167 922 1224 spa·

246 1230 323 1291 tium
336 1226 436 1289 armati
453 1243 552 1285 omnes
564 1241 687 1292 starent,
707 1222 775 1284 binc
789 1227 921 1302 equites,

246 1308 332 1370 illinc
349 1305 484 1385 phalanx.
499 1304 595 1379 ltaque
611 1324 647 1363 eo
664 1303 729 1371 die,
751 1324 837 1381 quem
854 1305 922 1367 huic

246 1407 332 1450 sacro
360 1385 587 1451 destinaverant,
617 1403 667 1442 rex
691 1404 759 1443 cum
783 1385 923 1461 equitibus

247 1466 462 1543 elephantisque
481 1463 645 1523 constiterat
668 1479 768 1521 contra
791 1464 920 1541 pedires',

247 1547 352 1625 quibus
378 1545 525 1622 Meleager
549 1558 675 1619 praerat.
699 1541 766 1607 Jam
794 1563 922 1620 equestre

247 1644 355 1706 agmen
369 1625 557 1691 movebatur,
578 1638 607 1681 et
621 1619 727 1697 pedites
744 1621 834 1681 subita
856 1622 921 1682 fot-

247 1704 358 1765 midine
369 1705 407 1762 ob
418 1720 560 1762 recentem
571 1699 758 1769 discordiam,
769 1699 843 1761 haud
854 1721 923 1762 sane

246 1782 344 1864 pacati
361 1781 515 1859 quidquam
537 1797 749 1856 exspectantes,
770 1800 923 1860 pammpet

245 1861 464 1928 addubitavere,
482 1880 517 1918 aa
531 1858 561 1918 in
576 1857 668 1918 urbem
677 1856 859 1918 subducerent
872 1879 926 1920 εο-Ι

243 1941 313 2023 pias
326 1940 452 2018 :quippe
471 1959 524 2015 pro
543 1939 682 2016 equitibus
698 1937 829 2015 planities
850 1957 923 2001 erat.

247 2020 389 2082 Ceterum
399 2019 501 2086 veriti,
521 2038 557 2078 ne
568 2036 675 2078 temere
688 2018 924 2080 commilitonum

247 2100 338 2162 fidem
361 2100 549 2165 damnarent,
574 2096 742 2165 substitere,
763 2099 924 2173 preparatis

247 2180 287 2242 ad
302 2177 494 2239 dimicandum
506 2175 625 2242 animis,
642 2176 665 2234 si
681 2175 742 2252 quis
756 2174 817 2235 vim
831 2177 925 2236 infer·

246 2276 304 2322 tet.
319 2258 386 2324 Jam
401 2256 516 2337 agmina
529 2253 665 2323 coibant,
683 2271 859 2331 parvumque
873 2257 922 2314 in-

244 2337 404 2401 tervallum
422 2353 501 2402 erat,
524 2333 599 2410 quod
610 2331 703 2392 aciem
714 2349 861 2409 utramque
879 2335 925 2394 di·

247 2417 370 2481 videret.
386 2416 482 2490 ltaque
495 2433 544 2472 rex
554 2432 620 2472 cum
634 2433 689 2471 una
702 2413 746 2472 ala
759 2413 925 2490 obequitare

246 2496 388 2578 peditibus
399 2493 504 2569 coepit,
526 2488 674 2551 discordiae
685 2508 810 2551 auctores
821 2534 831 2562 ,
853 2513 927 2570 quoa

249 2575 325 2638 tueri
341 2574 399 2650 ipse
416 2572 558 2638 debebat,
579 2568 714 2631 instinctu
730 2571 868 2632 Perdicca
886 2568 925 2631 ad

249 2650 390 2734 supplicia
401 2651 554 2730 deposcens
565 2674 575 2710 .-
587 2649 818 2726 minabaturque,
832 2671 926 2711 omnes

248 2751 357 2798 turmas
368 2751 429 2790 cum
444 2726 596 2809 elephantis
612 2727 783 2788 inducturum
795 2749 825 2789 se
837 2729 867 2788 in
880 2750 929 2790 re·

250 2827 395 2874 cusantes.
411 2809 566 2887 Stupebant
581 2808 737 2885 improviso
752 2809 831 2868 malo
845 2808 926 2885 pedi·

250 2909 296 2955 tes
316 2914 324 2951 τ
344 2907 398 2949 nec
415 2891 476 2967 plus
495 2890 524 2947 in
546 2888 608 2965 ipso
629 2889 778 2979 Meleagro
798 2907 858 2948 erat
877 2904 927 2951 aut

243 2970 392 3052 ¹oqnsilii,
412 2985 461 3034 aut
477 2970 577 3036 animi.
595 2968 784 3032 Tutissimum
800 2987 837 3027 eit
851 2989 928 3050 prae-
965 2973 974 3052 l

726 3066 757 3129 A
777 3090 795 3131 e
814 3089 833 3132 a
