2625 4017
399 546 465 630 *Jtiv
579 542 623 624 Q.
663 545 689 607 C
708 546 741 607 U
760 545 787 607 R
804 543 904 608 T'lt

397 643 501 708 devicti
516 648 644 706 transiret
656 645 795 710 habitum.
808 649 845 708 Er
855 649 904 707 ille
916 664 945 706 se
956 644 1077 724 quident

397 719 546 786 Persarum
564 728 654 803 spolia
669 745 780 806 gestare
796 728 924 788 dicebat:
939 727 986 786 sed
1004 749 1073 787 cum
1102 741 1104 746 ’

398 802 455 862 illis
466 826 577 881 quoque
589 827 683 865 mores
694 806 821 866 induerat
834 829 846 878 ;v
856 804 1072 883 superbiamque

398 878 509 943 habitus
518 884 607 945 animi
615 885 770 944 insolentia⁴
777 888 953 962 sequebatur.
962 883 1074 945 Literas

396 982 528 1039 quoque,
541 985 608 1040 quas
618 963 647 1022 in
657 960 803 1040 Europam
813 965 956 1031 mitteret,
968 964 1074 1024 veteris

399 1042 478 1101 anuli
486 1062 602 1121 gemma
612 1043 924 1122 obsignabattiis,quas
932 1042 962 1101 in
970 1042 1073 1103 Asiam

398 1121 555 1191 scriberet,
576 1122 658 1181 Darii
674 1124 773 1183 anulus
786 1123 1021 1199 imprimebatur;
1041 1139 1077 1183 ut

398 1201 566 1277 appareret,
585 1221 674 1261 unum
686 1202 814 1262 animum
825 1201 946 1261 duorum
955 1220 1016 1271 non
1026 1222 1078 1261 ca-

396 1298 465 1356 pere
486 1281 645 1341 fortunam,
664 1280 784 1341 Amicos
803 1298 879 1341 vero
894 1296 923 1340 et
940 1280 1077 1356 equites,

398 1380 521 1435 cumque
533 1358 575 1418 his
585 1358 724 1436 prinsipes
736 1359 880 1427 militum,
895 1378 1079 1436 aspernantes

397 1438 537 1514 ¹quidem,
555 1437 601 1498 sed
615 1458 743 1498 recusare
757 1459 816 1498 non
832 1460 937 1507 ausos,
956 1436 1078 1499 Persicis

395 1516 551 1592 'ornaverat
568 1517 706 1578 vestibus,
714 1516 834 1577 Pellises
845 1540 900 1577 cce
911 1536 986 1577 etex
998 1557 1010 1587 ,
1026 1536 1077 1576 to·-

395 1595 488 1675 gidem
506 1613 578 1674 quot
593 1596 676 1656 Darii
692 1597 826 1666 fuerant,
844 1597 951 1677 regiam
968 1595 1080 1673 imple-

399 1676 489 1747 bant3
507 1698 575 1753 quas
590 1676 747 1753 spadonum
762 1696 882 1759 greges,
900 1693 929 1736 et
939 1674 993 1752 ipsi
1005 1698 1076 1735 mu·

398 1754 499 1816 liebria
509 1757 567 1832 pati
577 1756 698 1823 assueti,
714 1757 910 1832 sequebantur.
922 1754 993 1815 Haec
1003 1756 1080 1816 luxu·

398 1851 429 1894 et
445 1833 601 1913 peregrinis
618 1835 726 1896 infecta
736 1835 867 1894 moribus·
878 1852 988 1907 ueteres
1003 1834 1075 1894 Phi.-

395 1913 470 1991 lippi
486 1914 617 1981 milites,
644 1913 720 1975 rudis
737 1914 817 1974 nario
834 1912 868 1973 ad
887 1915 1049 1990 voluptates
1067 1953 1078 1983 ,

397 1993 495 2070 palam
511 1994 709 2054 aversabantur
720 2015 734 2066 3⁴
751 1992 873 2069 totisque
892 1992 989 2054 castris
1001 2014 1078 2055 unus

401 2073 534 2134 omnium
547 2092 640 2132 sensus
651 2094 685 2133 ac
703 2091 797 2132 sermo
810 2090 870 2132 erat
883 2111 892 2139 ,
907 2071 971 2151 plus
986 2072 1076 2133 amis·-

399 2173 460 2217 sum
480 2149 621 2220 victoria,
642 2172 724 2229 quam
743 2149 813 2211 bello
834 2151 978 2229 quesitum
998 2173 1076 2214 esse.

400 2228 471 2291 Tum
490 2230 610 2292 maxime
627 2230 703 2291 vinei
719 2230 795 2311 ipsos
808 2271 825 2299 ,.
844 2227 958 2309 dedique
970 2229 1074 2291 alienis

399 2308 520 2370 moribus
532 2315 560 2369 et
573 2310 700 2389 externis
717 2337 727 2369 :
744 2326 829 2369 tante
844 2328 925 2369 more
936 2309 1075 2387 pretium,

397 2385 495 2450 domos
508 2390 586 2469 quasi
607 2390 636 2448 in
657 2388 768 2468 captivo
786 2387 880 2447 babitu
901 2408 1082 2452 reversuros·

400 2466 512 2530 Pudere
522 2470 582 2546 jam
596 2468 652 2529 sui.
671 2467 778 2547 Regem
789 2466 876 2528 vitris
887 2488 966 2544 quam
982 2468 1073 2528 victo-

325 2586 331 2595 .
397 2548 478 2609 nidus
494 2546 655 2608 similiorem
670 2569 706 2608 ex
718 2544 893 2607 Macedoniae
912 2546 1083 2627 imperatore·

401 2625 489 2688 Darii
507 2644 638 2707 satrapen
649 2624 771 2702 factum
785 2627 838 2687 Ille
856 2646 915 2684 non
935 2627 1074 2706 ignatus,

402 2724 432 2767 er
444 2707 583 2786 principes
598 2709 779 2774 amicorum,
799 2705 994 2766 etexetsitum
1007 2728 1075 2787 gra*

394 2781 477 2858 ¹‚viter
490 2785 612 2854 offendi,
623 2788 745 2868 gratiam
758 2785 925 2845 liberalitate
937 2785 1075 2862 donisque

393 2886 569 2943 recuperare
584 2870 722 2928 tentabat.
738 2864 814 2933 Sed,
836 2863 959 2942 opinor,
980 2863 1079 2925 libetis
1111 2908 1114 2913 -

398 2947 527 3022 ,pretium
542 2944 681 3009 seruitutis
696 2946 840 3026 ingratum
856 2960 907 3007 est.
933 2943 1023 3023 Igitur
1038 2964 1084 3006 ne

1047 3065 1085 3103 ml
