2625 4017
407 564 455 627 tn·
491 574 526 635 o.
560 559 768 626 concion
793 528 830 629 ἰ.
863 580 887 631 1.
958 563 990 637 ἐι

321 658 399 722 Oreo,
415 664 578 731 Hipparchum
589 663 714 720 Eretria,
728 663 838 717 Chalcidi
846 665 992 720 Taurostle⁴

320 747 381 783 nem.
399 733 531 798 Ergajam
540 729 643 786 Halai,
660 728 760 789 Acltaei,
776 733 917 792 Corinthii,
932 737 991 786 Me·

317 815 450 864 garenses‚
467 797 597 865 Leicadii‚
613 797 676 847 Corc
692 797 736 847 rai
750 798 816 850 nobis
824 801 916 863 favent
925 821 933 849 :
943 801 991 851 alii

313 866 444 929 fortunam
457 876 583 931 spectant,
600 877 653 928 qaae
698 878 779 917 atenac
792 867 888 917 unicum
906 869 989 918 Mace-

319 933 409 982 donica
419 931 534 998 potentin
547 930 674 999 vinculum
683 930 739 994 fait
754 965 762 987 ‚
814 951 826 983 o
841 933 928 986 leviter
943 933 987 984 ab.

318 1015 406 1063 rupto,
430 999 498 1048 altro
516 997 648 1047 dilabetur.
667 996 755 1064 Quippe
808 993 903 1057 essali,
926 999 987 1051 anie

319 1065 429 1130 Philippo
451 1063 528 1115 robur
544 1063 666 1129 equitatus
682 1078 734 1119 ese,
750 1066 865 1117 neminem
883 1077 986 1133 anquam

318 1133 357 1182 elin
364 1132 474 1194 fovere:
485 1131 568 1197 illyrii
576 1130 693 1195 ceterique
701 1131 866 1182 Macedoniam
880 1135 988 1185 accolen-

318 1213 350 1248 tes
365 1196 486 1254 barbari,
502 1211 602 1262 pitaram
613 1212 636 1248 et
646 1194 737 1248 notari
743 1197 816 1260 seron
832 1213 868 1250 est
876 1200 989 1256 animos,

318 1281 339 1317 et
347 1265 517 1332 indignatione
525 1263 626 1314 recentis
635 1263 732 1314 servicii
744 1264 878 1323 irritatas,
892 1265 989 1333 ciprin-

318 1334 378 1398 cipia
387 1332 447 1383 belli
456 1331 566 1398 Philippo
580 1331 673 1396 sequias
686 1333 823 1390 evenerint,
839 1332 932 1398 reliqua
941 1345 989 1400 pro

319 1398 384 1449 nolis
403 1398 541 1459 conficient.
562 1397 610 1448 Vos
628 1399 698 1448 modo
714 1398 836 1450 nobiscum
852 1400 944 1451 acriter
962 1401 989 1450 in

319 1468 376 1517 lanc
391 1481 479 1515 curam
495 1464 623 1515 incumbite
634 1466 761 1531 ;sepositis
776 1467 874 1518 interim
887 1479 990 1519 canten-

319 1533 439 1589 tionibus,
456 1546 516 1596 quas
530 1533 594 1582 inter
606 1532 702 1582 vicinas
714 1531 783 1583 nrbes
796 1551 855 1600 taepe
869 1535 930 1585 levis
945 1552 987 1585 oe·

318 1600 380 1649 casio
395 1599 516 1649 concitat.
531 1598 595 1647 Odia
603 1600 723 1665 privata,
734 1616 789 1666 post
803 1616 853 1651 rem
867 1601 921 1652 lene
931 1615 989 1670 get-

321 1680 386 1724 tam‚
405 1666 542 1717 commanis
551 1666 639 1716 latitia
652 1667 677 1715 in
689 1667 877 1719 benevolenciam
891 1683 989 1726 vetem

320 1746 359 1784 auc
375 1750 431 1785 cam
444 1744 522 1801 perro·
538 1733 644 1784 insanire
665 1732 786 1792 vacabis,
806 1749 860 1785 eam
879 1734 988 1788 dedecore

314 1802 380 1867 sorte
391 1803 523 1865 damnoque
532 1816 702 1867 utrorumque,
714 1801 755 1853 sed
764 1815 844 1855 tamen
857 1802 921 1852 citra
934 1803 988 1853 exi·

319 1870 378 1919 tium
387 1883 550 1919 resumeretur.
561 1866 642 1933 Nepae
650 1870 716 1919 dolas
724 1869 829 1938 Philippi
837 1870 986 1920 timueritis.-

319 1938 385 1987 mola
397 1936 584 2002 promissisep'as
598 1951 668 1985 aures
677 1936 814 2003 acclaclite;
831 1953 916 1987 manas
930 1953 987 1988 cotr-

321 2005 392 2055 tinete
409 2020 425 2051 a
437 2002 586 2053 maneribus·
607 2002 633 2050 δι’
648 2002 713 2052 nihil
723 2017 779 2052 ante
791 2001 926 2055 libertatem
943 2006 988 2055 lta·

320 2070 440 2125 lacticis,
459 2069 584 2119 calliditas
599 2083 622 2118 cc
636 2069 780 2135 largitiones
787 2070 889 2133 frustra
905 2088 986 2122 erant.

319 2137 457 2189 Potentiam
476 2150 503 2185 nt
522 2135 648 2184 discordia
667 2136 989 2196 Graccuritanorum,

320 2206 352 2253 ita
368 2219 497 2254 contentas
511 2200 604 2252 obruet·
619 2200 683 2262 Quin
696 2215 720 2251 et
735 2203 805 2269 ipse,
822 2219 851 2253 ter
867 2219 901 2254 est
917 2221 989 2256 teme*-

320 2273 420 2328 rarins‚
443 2269 520 2334 excipi
533 2283 619 2336 potest.
642 2268 711 2329 ana
725 2271 748 2319 si
763 2272 876 2328 accidat,
896 2272 955 2322 nihil
973 2287 989 2321 a

319 2338 403 2389 ceteris
419 2351 456 2388 est
468 2336 582 2402 periculi.
598 2334 665 2384 Nam
679 2337 727 2401 ipse
738 2338 848 2404 gloriam
862 2353 930 2404 acque
944 2338 988 2389 do-

319 2405 494 2463 minationem,·
512 2404 551 2467 qni
566 2400 609 2451 sub
624 2419 650 2452 eo
662 2418 736 2459 sant,
753 2406 853 2469 quietem
866 2421 988 2471 expetunt.

320 2472 375 2522 Nisi
389 2472 464 2534 forte
478 2469 645 2520 Alexandrum
661 2472 778 2521 veremini
795 2492 804 2519 .-
820 2474 930 2537 puoniam
947 2474 991 2523 isti

316 2541 408 2605 quidem
424 2540 462 2587 ita
476 2553 520 2586 vos
535 2552 708 2592 contemnant,
726 2554 753 2587 ut
772 2539 865 2590 ieloneos
879 2555 988 2606 putent,

317 2607 402 2671 cuibus
417 2606 492 2657 etiam
507 2605 576 2671 paeri
590 2621 673 2655 nomen
686 2603 846 2666 formidinem
858 2609 935 2674 possit
951 2608 989 2658 itt-

316 2684 404 2724 latere.

347 2742 417 2789 CAP.
430 2739 502 2788 Vlll.
520 2738 640 2786 Crederes
654 2734 717 2786 alios
727 2752 827 2801 tepente
837 2741 915 2789 factos
924 2739 990 2788 The-

315 2806 406 2863 banos,
426 2803 468 2868 qui
486 2805 564 2853 modo
576 2803 659 2870 regios
672 2805 769 2869 legatos
784 2821 897 2863 attente,
917 2821 991 2868 atque

315 2872 388 2923 ctiam
408 2888 464 2921 cum
480 2887 577 2920 assensu
592 2872 752 2930 audiverant,
770 2874 834 2922 adeo
847 2872 873 2920 in
888 2887 991 2921 contra-

314 2939 377 2990 tium
393 2938 481 2988 mutati
499 2954 574 2996 sunt3
595 2954 623 2987 ut
631 2936 774 3003 Philippum
784 2941 881 2989 hostem
899 2939 993 3000 judica·

312 3023 389 3066 tent,
404 3005 428 3057 ni
447 3005 629 3073 eptamptimum
648 3004 700 3057 suia
715 3006 886 3067 sociorumque
903 3006 992 3058 finibus

821 3077 841 3124 C
859 3072 885 3125 ir
