2625 4017
410 581 470 661 5132
590 570 636 655 Q«
674 569 916 639 CURTll
1003 579 1006 584 ’

410 669 483 741 nere
499 693 560 738 non
571 675 685 739 destitit.
703 676 747 738 Ut
758 685 829 739 vero·
840 655 1083 738 mddcamentnm

413 773 444 820 se
454 755 599 819 diffuditin
611 776 717 825 venas,
729 772 758 816 et
770 756 874 817 sensim
885 771 948 816 toto
961 772 1082 833 corpore

413 836 560 899 salubritas
579 835 686 915 percipi
707 837 827 913 potuit,
854 835 948 915 primo
970 836 1082 896 animus

414 917 546 997 vigorem
557 935 661 985 suum,
679 915 778 975 deinde
794 935 895 992 corpus
907 927 1020 991 quoque
1030 936 1083 974 ex·

414 996 579 1076 petratione
598 994 733 1054 maturius
755 994 957 1071 recuperavit:
979 993 1084 1071 quippe

415 1091 480 1154 post
489 1074 604 1136 tertium
615 1074 710 1142 diem,
729 1095 815 1151 quarn
824 1075 854 1133 in
866 1072 923 1133 hot
934 1088 1007 1132 statu
1018 1072 1082 1133 fue*

415 1170 480 1224 rat,
500 1152 531 1213 in
554 1168 737 1232 conspectum
758 1151 883 1213 militum
904 1151 993 1213 venit.
1019 1151 1085 1211 Nee

414 1232 524 1314 [avidius
532 1232 624 1311 ipsum
633 1231 751 1313 regem,
767 1251 852 1309 quam
861 1229 1024 1308 Philippum
1036 1231 1083 1288 in·

415 1314 547 1373 tuebatur
556 1311 694 1373 exercitus
705 1332 714 1370 t
726 1331 779 1387 pro
790 1329 819 1370 se
828 1309 944 1388 quisque
955 1310 1084 1370 dextram

418 1391 478 1469 ejus
497 1389 625 1468 amplexi
641 1405 733 1470 grates
756 1388 896 1450 habebant
916 1389 994 1451 velut
1013 1408 1086 1465 prae-

416 1469 487 1530 senti
498 1468 579 1531 Deo.
589 1469 724 1546 Namque
739 1466 812 1529 hand
831 1468 915 1529 facile
933 1468 1008 1529 dictu
1021 1484 1085 1535 est,

415 1564 514 1627 prater
525 1549 682 1629 ingenitam
693 1539 740 1607 illi
751 1548 829 1629 genti
845 1568 911 1629 erga
923 1567 1006 1629 reges
1018 1567 1086 1606 suos

415 1628 653 1695 venerationem,
673 1643 809 1706 quantum
819 1625 900 1706 hujus
911 1640 1024 1705 quoque
1039 1645 1085 1684 re-
1118 1657 1123 1667 ·

416 1705 461 1788 gis
475 1707 524 1769 vel
534 1705 714 1767 admirationi
725 1705 812 1765 dediti
827 1705 929 1766 fuerim
940 1712 953 1775 ‚'
967 1705 1014 1765 vel
1032 1726 1084 1764 ca·

416 1786 499 1847 ritate
516 1783 783 1866 flagraverint.Jam
799 1785 923 1863 primurn
941 1784 1012 1843 nihil
1030 1783 1086 1843 nisi

416 1865 513 1926 divina
531 1884 586 1942 ope
603 1863 886 1945 aggredividebatnr.
898 1864 998 1933 Nam,
1018 1884 1086 1924 cum

416 1960 489 2005 esset
500 1958 599 2022 presto
616 1944 719 2021 ubique
735 1942 869 2013 fortuna,
893 1942 1037 2003 temeritas
1055 1942 1085 2000 in

415 2021 540 2110 gloriam
556 2038 687 2084 cesserat.
707 2018 785 2083 AEtas
804 2043 917 2161 qutppue
932 2020 981 2084 vix
1001 2021 1087 2083 tantis

417 2120 528 2164 matura
537 2104 634 2171 rebus,
646 2100 693 2161 sed
703 2100 812 2163 abunde
820 2125 850 2162 su
883 2102 975 2170 ciens,
988 2101 1086 2162 omnia

417 2180 505 2241 etiam
525 2179 586 2255 ejus
604 2200 690 2258 opera
708 2178 884 2244 honestabat.
906 2180 944 2240 Et
961 2201 1021 2257 quae
1043 2175 1087 2238 le·

416 2258 499 2320 viora
512 2256 608 2319 haberi
619 2260 733 2329 solent,
750 2260 916 2338 plerumque
932 2260 961 2318 in
979 2278 1009 2319 re
1026 2258 1086 2318 mi·

416 2337 493 2399 litati
504 2338 629 2431 gratiora
639 2340 729 2421 vulgo
742 2356 825 2400 sunt:
839 2337 1005 2400 exercitatio
1018 2356 1086 2397 cor-

416 2418 495 2496 poris
505 2435 577 2479 rnter
587 2418 662 2495 ipsos
675 2440 685 2492 ς
706 2418 796 2479 cultus
805 2416 971 2495 habitusque
982 2418 1089 2494 paulu·

416 2498 507 2558 luma
522 2497 633 2575 privato
650 2496 822 2568 abhorrens3
840 2496 969 2557 militaris
980 2495 1086 2577 vigor:

418 2576 518 2653 quibus
535 2575 643 2637 illevel
658 2575 764 2658 ingenii
782 2573 912 2646 dotibus,
930 2574 978 2635 vel
995 2575 1088 2635 animi

416 2654 541 2724 artibus,
558 2671 590 2715 ut
604 2654 708 2733 pariter
719 2674 798 2717 carus
811 2676 845 2716 ae
854 2653 1028 2719 venerandus
1044 2672 1090 2714 es·

416 2749 480 2803 set,
498 2733 638 2796 effecerat.
1107 2779 1110 2786 ι

456 2810 534 2873 Cer.
546 2813 615 2875 Vll.
627 2813 667 2874 At
675 2812 797 2883 Darios,
814 2810 960 2874 nuntiode
970 2812 1089 2875 adversa

415 2890 577 2954 valetudine
596 2911 736 2971 accepto,
759 2892 926 2961 celeritate,
947 2911 1087 2970 quantam

415 2984 516 3049 capere
531 2986 590 3034 tam
604 2991 692 3053 grave
709 2992 812 3055 agmen
824 2986 956 3053 poterat,
978 2972 1014 3034 ad
1026 2971 1088 3035 Eu·
