2625 4017
383 595 456 650 in
513 549 974 651 'Q.cuurrr.

387 672 522 740 :minibus
542 669 675 749 inclytus.
699 674 776 735 Fons
803 673 864 752 eius
893 693 931 735 ex
955 692 1076 737 summo

384 752 507 816 intonsis
521 752 670 815 cacumine
683 773 851 823 excurrens,
869 751 899 812 in
915 753 1073 832 subjectam

385 837 507 913 {petram
529 851 637 913 magno
661 834 777 911 strepitu
804 853 943 910 aquarum
968 832 1076 898 cadit:

385 907 464 984 {inde
480 910 610 980 diffusus,
629 912 828 989 circumjectos
844 911 917 991 rigat
931 931 1079 990 campos,

386 989 539 1074 [liquidum
562 1008 591 1050 et
609 1013 672 1074 suas
689 992 826 1053 duntaxat
841 989 927 1056 undas
946 990 1078 1059 trahens.

384 1071 499 1148 iltaque
519 1070 603 1131 color
625 1074 687 1152 ejus
710 1070 826 1150 placido
848 1069 922 1131 rnari
945 1070 1048 1132 similis
1064 1107 1082 1144 ,ι

387 1151 499 1213 docum
516 1148 672 1214 Poetarum
690 1148 843 1212 mendacio
858 1147 927 1210 fecit
942 1172 952 1210 s
970 1151 1080 1231 quippe

387 1229 534 1292 &traditum
553 1250 614 1302 est,
638 1226 897 1317 Nymphararnore
914 1229 1006 1290 amuis
1025 1251 1077 1292 re-

309 1363 312 1370 .
387 1303 519 1388 ἱιιιιξιιε,
547 1307 578 1368 iu
599 1306 650 1370 iila
670 1329 735 1390 rupe
755 1305 913 1384 considere.
935 1306 1076 1372 Ceterum

383 1386 629 1476 {Md-,im
640 1409 742 1450 muros
757 1387 818 1462 fluit
830 1395 848 1470 ,J
858 1407 975 1470 nornen
991 1409 1078 1468 suum

383 1465 646 1531 ¹uae'tin'etaatcum
656 1486 738 1529 extra
747 1467 978 1529 inanimentis-se
987 1471 1080 1533 euol-.
1095 1517 1105 1524 .

398 1547 464 1617 vit,
484 1547 596 1626 majore
618 1548 649 1612 ui
675 1570 709 1610 ac
733 1547 813 1607 mole
835 1566 968 1627 agentern
988 1549 1084 1612 undas

400 1623 506 1710 Lycum
515 1630 671 1707 appellant.
679 1626 843 1689 Alexander
850 1626 967 1704 quidem
976 1631 1081 1690 urbem

399 1708 563 1770 destitutam
581 1732 597 1771 a
614 1708 669 1770 suis
686 1709 796 1769 intrat:
816 1727 912 1768 arcem
931 1727 1026 1780 vero,
1048 1709 1081 1771 irr

399 1809 489 1867 quarn
512 1789 722 1870 confugerant,
742 1807 908 1868 oppugnare
929 1788 1046 1851 adortus
1069 1834 1082 1864 ,

399 1868 621 1931 caduceatorem
635 1867 789 1947 praemisit,
808 1867 855 1946 qui
872 1867 1052 1932 denuntiaret
1070 1912 1083 1944 ,

401 1946 434 2008 ui
456 1944 610 2019 dederent,
634 1948 710 2030 ipsos
732 1945 829 2007 ultima
850 1966 912 2008 esse
932 1968 1086 2029 passuros.

400 2027 451 2090 Illi
473 2027 691 2091 caduceatorem
709 2029 740 2090 iu
761 2027 893 2098 turrim,
919 2045 948 2089 et
971 2029 1027 2092 situ
1053 2049 1086 2095 et

403 2128 492 2187 opere
502 2109 627 2188 multum
637 2109 761 2178 editam,
776 2109 963 2187 perductum3
978 2128 1084 2190 quauta

404 2204 481 2254 esser
492 2186 633 2260 altitudo,
650 2188 752 2250 intueri
768 2188 885 2269 jubent,
907 2190 1084 2253 renuntiare

403 2266 597 2359 Aisarondro,
618 2290 673 2331 non
685 2267 790 2361 ‚eadem
809 2268 900 2359 ipsunt
925 2284 953 2328 et
972 2267 1084 2361 incolas

348 2410 355 2419 ,
403 2364 591 2411 testinatione
615 2366 785 2411 munimenta
809 2364 901 2409 metm
920 2374 929 2409 .·
950 2369 983 2410 se
1007 2369 1087 2413 sctre

404 2428 636 2521 inexpugnabiles
648 2450 710 2491 esse
721 2448 735 2502 ;
748 2426 786 2490 ad
796 2426 940 2499 alrimunt,
959 2450 1008 2512 pro
1018 2427 1087 2510 fide

405 2527 563 2572 moraturos.
573 2509 710 2572 Ceterum
722 2527 753 2571 ut
764 2509 956 2571 circumsideri
966 2529 1088 2583 arcem,

405 2607 437 2652 et
445 2589 545 2652 omnia
557 2591 609 2652 sibi
617 2591 647 2652 in
660 2590 718 2651 dies
727 2589 849 2651 arctiora
863 2590 995 2652 viderunt
1004 2610 1064 2652 esse
1075 2614 1087 2653 s

404 2669 558 2752 sexaginta
575 2669 679 2732 dierum
697 2668 827 2731 inducias
842 2669 939 2749 pacti,
956 2687 1008 2741 ur,
1025 2668 1089 2731 nisi

405 2748 485 2816 intra
502 2770 551 2812 eos
566 2748 702 2813 auxilium
714 2748 825 2811 Darius
843 2749 913 2831 ipsis
930 2747 1090 2822 misisset,

318 2843 321 2850 '
407 2828 540 2892 dederent
555 2829 646 2891 urbem
659 2848 831 2910 :postquam
844 2830 916 2891 nihil
931 2830 998 2891 inde
1014 2851 1091 2908 prae·

406 2910 471 2973 aidii
485 2911 667 2979 mittebatur,
686 2911 720 2971 ad
733 2910 914 2989 praestituram
926 2910 1003 2971 diem
1020 2931 1094 2988 per·

405 2986 512 3059 misere
525 3010 555 3055 se
569 2991 644 3075 regi.
657 2989 867 3073 Superveniunt
875 2992 976 3056 deinde
996 2990 1091 3077 legati
