2625 4017
415 536 476 618 '25'6
595 535 639 618 Q.
677 532 936 624 CUR-Tllv

415 656 493 709 tem,
513 651 542 699 et
553 657 645 701 tuom.
662 637 793 698 Tandem
808 657 912 699 uenere
926 635 957 695 in
972 631 1088 717 jugunu

415 720 567 780 Adestera
576 717 672 777 iterad
680 718 772 794 ipsum
781 715 996 776 Ariobarzanen
1006 734 1087 782 etat:

414 795 462 859 blc
480 796 613 861 Philotan
632 814 663 856 et
685 796 799 857 Coenon
820 816 886 855 cnm
907 793 1033 873 Amynta
1054 812 1085 857 et

413 875 632 955 Polyperconte,
642 875 804 953 expeditam
811 873 944 936 habentes
952 895 1085 945 manum,

412 957 549 1045 reliquit,
573 955 700 1015 monitos
715 970 777 1042 3'ut
802 951 867 1041 quino
891 973 972 1031 eques
991 952 1085 1033 pediti

413 1053 473 1096 etot
490 1053 620 1103 tntxrut,·
642 1054 695 1109 qua
711 1034 925 1110 ptrtguisssmum
943 1049 1019 1091 erret
1037 1052 1086 1092 so·

412 1110 469 1173 lum
478 1155 489 1183 ,
501 1131 528 1174 et
538 1110 629 1190 pabuli
633 1110 755 1188 fertile,
767 1109 873 1173 sensim
881 1109 1061 1189 procederent
1072 1137 1083 1172 .·

412 1192 496 1279 dpces
509 1192 615 1252 itineris
629 1193 664 1251 de
679 1188 796 1267 captivis
804 1189 873 1251 dati.
886 1190 948 1267 Ipse
959 1212 1026 1251 cum
1039 1211 1085 1251 ar·
1101 1264 1103 1267 Ι

411 1272 527 1352 migeris
542 1289 573 1329 et
591 1272 661 1339 ala,
682 1290 769 1348 quarn
786 1267 893 1346 Agemn
911 1269 1082 1347 appellant,

411 1354 499 1411 ardua
519 1350 643 1419 semita,
668 1349 716 1409 sed
738 1348 850 1427 longius
877 1350 1084 1411 assationibus

410 1428 536 1489 bostium
560 1446 695 1497 remota,
721 1429 811 1486 multa
834 1448 901 1487 cum
925 1428 1082 1493 vexatione

409 1509 554 1589 processit.
566 1507 677 1567 Medius
686 1523 746 1567 erat
755 1505 832 1574 dies,
851 1524 877 1566 et
889 1506 1012 1588 fatigatis
1029 1528 1083 1569 ne-

410 1589 528 1651 cessaria
544 1587 643 1665 quiest
661 1588 764 1663 quippe
781 1587 957 1647 tantumdem
973 1588 1083 1648 itineris

409 1686 568 1747 supererat,
584 1686 721 1743 quantum
730 1665 839 1725 emensi
849 1684 947 1739 erant;
962 1668 1007 1727 sel
1024 1668 1081 1727 mi-

408 1768 462 1808 nus
477 1746 624 1825 praecipitis
643 1764 727 1822 atque
745 1745 834 1807 ardui.
852 1745 948 1823 ltaque
966 1747 1080 1808 refectis

408 1828 475 1889 cibo
491 1845 649 1901 somnoque
667 1825 823 1891 militibus,
843 1825 963 1887 secunda
977 1825 1080 1907 vigilia

407 1906 506 1987 surgit.
521 1906 556 1965 Et
569 1922 663 1965 cetera
675 1903 789 1981 quidem
802 1901 873 1963 haud
889 1924 960 1985 aegte
977 1923 1079 1983 praete·

407 1986 465 2047 tiit.
476 1984 629 2051 Ceterum,
641 2004 696 2060 qua
705 2003 734 2043 se
746 1981 844 2062 iugum
854 1985 995 2046 montium
1005 2005 1080 2063 pau-

407 2064 488 2126 latim
501 2066 535 2124 acl
546 2062 677 2142 planiora
690 2062 832 2153 demittit,
854 2062 952 2154 ingens
964 2084 1078 2146 vorago

406 2165 546 2206 concursu
569 2161 668 2203 cavata
690 2160 859 2202 torrentium
878 2161 932 2203 tter
951 2162 1079 2220 ruperat.

406 2225 452 2285 Ad
469 2222 527 2283 haec
541 2224 675 2283 arborum
689 2220 761 2281 rami
776 2223 847 2281 alius
863 2222 921 2283 alio
936 2222 1078 2299 implicati

404 2320 435 2364 et
449 2301 604 2370 coeuntes,
624 2320 656 2361 ut
671 2318 835 2393 perpetuam
850 2301 1014 2375 obiecerant
1027 2322 1076 2380 see

405 2403 483 2462 pem.
503 2381 672 2459 Desperatio
690 2380 775 2461 igitur
792 2380 911 2473 ingens,
930 2381 1022 2452 adeo,
1042 2396 1076 2445 ut

405 2464 454 2527 vix
469 2461 593 2521 lacrimis
606 2460 797 2528 abstinerent,
819 2478 979 2521 incesserat.
993 2460 1074 2535 Prae-

370 2564 373 2568 ’
402 2541 486 2621 cipue
497 2540 648 2601 obscuritas
657 2537 759 2599 terrori
773 2558 850 2600 erat:
861 2560 929 2600 nam
945 2540 1032 2615 etiam
1048 2539 1074 2603 si

402 2642 458 2699 qua
469 2620 556 2681 sidera
567 2618 783 2688 internitebant‚
803 2619 959 2680 continenti
969 2618 1072 2681 fronde

400 2718 481 2763 tectae
494 2701 607 2759 arbores
622 2698 785 2775 conspicere
801 2697 1000 2775 prohibebant.
1020 2698 1072 2759 Ne

401 2781 511 2842 aurium
523 2778 636 2855 quidem
646 2798 712 2838 usus
721 2795 880 2854 supererat,
898 2777 983 2858 silvas
996 2799 1070 2855 qua-2

400 2860 488 2921 tiente
509 2876 596 2918 vento
616 2879 626 2928 ς
654 2876 714 2933 quae
737 2858 962 2919 concutientibus
984 2856 1084 2919 ramis

401 2941 545 3021 majorem
558 2958 643 3018 quam
652 2956 706 3018 pro
717 2932 785 3011 flatu
793 2956 896 3001 tonum
906 2936 1071 3002 reddebant.

939 3035 1071 3115 Tandem
