2625 4017
331 552 365 596 ῃ
433 536 460 589 J.
494 536 686 588 ramesses.
720 539 912 591 superisne.

331 639 417 677 mento
439 623 561 676 sufficiens
582 623 628 673 iter
649 626 756 687 prebens
773 644 781 677 ε
800 630 866 691 quod
884 630 1003 681 adversus

331 709 509 759 quemcumque
524 708 651 742 numerum
666 691 794 743 hominum
809 696 849 744 vel
863 697 948 748 decem
964 714 1002 747 ae·

331 760 393 811 mati
410 759 513 824 sepiant.
530 760 577 810 Sed
592 758 636 808 ille
647 776 694 823 qua
710 760 810 810 minime
823 762 912 824 petuis
927 781 1003 827 rupes

330 826 548 885 existimabantur,
563 826 682 876 scalarum
693 826 718 876 iu
728 830 828 878 modurn
840 829 921 879 exciso
931 848 1002 881 mon·

330 895 365 946 tis
376 897 443 945 Ossae
455 895 551 951 latere,
569 891 701 943 circumitu
715 896 872 958 penetravi13
889 899 1002 963 adeoque

330 962 458 1013 eeleritate
472 978 513 1010 sua
523 975 624 1011 cunctos
634 962 767 1021 exterruit,
785 980 811 1013 ut
825 967 933 1016 omniati
945 983 1001 1017 vec·

331 1033 422 1097 sigalis
436 1030 570 1095 reditusque
584 1065 593 1087 ,
612 1029 686 1081 simul
702 1032 820 1081 universa
831 1034 913 1097 gentis
926 1033 1000 1100 impo-

332 1101 421 1155 rium,
444 1094 527 1163 quibus
549 1097 574 1146 id
597 1095 690 1162 legibus
712 1098 835 1164 Philippus
855 1098 998 1159 habuisset,

331 1165 402 1214 nullo
419 1164 466 1225 jam
481 1176 631 1227 repugnante
648 1163 844 1214 decernerentur.
861 1165 999 1225 Phthiam,

330 1248 382 1296 quae
393 1228 487 1297 generis
503 1228 540 1278 sui
552 1242 677 1278 auctorem
694 1229 820 1279 Achillem
832 1234 998 1296 protulisset,

330 1302 460 1351 immunem
469 1314 515 1349 esse
524 1298 610 1360 jussit.
619 1298 725 1361 Eumque
738 1299 828 1349 heroem
842 1300 999 1365 expeditionis

330 1370 446 1418 adversus
462 1367 550 1415 Persas
563 1364 653 1413 socium
669 1379 738 1428 atque
750 1367 935 1416 commilitonem
954 1370 1000 1418 eli-

326 1450 419 1501 gerere
433 1428 506 1480 dixit.
522 1432 556 1478 Ex
571 1429 697 1479 Thessalia
712 1430 889 1495 Thermopylas
904 1431 1000 1493 petiit,

328 1498 457 1563 publicum
473 1495 573 1548 Greciae
590 1494 742 1554 concilium,
767 1500 892 1565 Pylaicum
910 1502 998 1563 appel·

328 1568 393 1617 lant.
415 1565 452 1616 lbi
471 1580 526 1613 eum
542 1567 655 1628 frequens
673 1580 716 1626 per
733 1581 776 1613 eos
793 1567 846 1615 dies
862 1582 999 1617 conventus

328 1648 413 1692 esset,
436 1632 461 1683 in
476 1631 559 1681 locum
573 1629 651 1695 patris
664 1631 876 1697 Amphictyonum
893 1634 998 1686 decreto

327 1716 437 1751 summus
451 1702 593 1750 Graeeorum
607 1698 742 1761 imperator
756 1715 868 1757 ereatus3
888 1700 998 1752 Ambru-

328 1771 402 1820 cioris
418 1784 498 1818 ruram
514 1784 563 1818 esse
576 1766 712 1817 libertatem
727 1765 813 1827 jussit,
829 1784 899 1831 quam
918 1784 998 1832 nuper

327 1836 431 1899 expulso
441 1834 603 1883 Macedonum
619 1831 734 1895 presidio
751 1850 914 1897 receperant:
929 1840 999 1888 ultro

327 1904 479 1955 redditurum
487 1903 566 1966 fuisse
581 1898 714 1955 dictitans,
732 1902 758 1950 ni
769 1905 852 1967 paucis
867 1902 946 1953 diebus
962 1906 999 1970 ip-

326 1988 383 2021 sum
393 1970 587 2020 antevertissent.
602 1967 696 2016 Exinde
710 1966 801 2017 Thebis
810 1971 912 2018 admoto
927 1986 998 2020 exer-

326 2036 398 2094 citu,
414 2039 539 2099 fractaque
547 2036 688 2084 Boeotorum
699 2050 724 2085 et
732 2035 920 2086 Atheniensium
930 2053 997 2087 cen·

325 2102 448 2160 tumacia,
463 2100 503 2166 qui
514 2100 599 2165 populi
617 2100 720 2152 maxime
734 2100 786 2152 suis
797 2102 907 2153 consiliis
916 2104 997 2155 obsti·

326 2186 426 2230 terant3
441 2188 455 2219 a
471 2171 502 2222 ud
523 2171 665 2222 Corinthum
684 2170 825 2221 Graecorum
844 2174 936 2237 legatos
953 2190 995 2224 oe-

325 2256 424 2291 currere
433 2189 479 2289 sihi
487 2235 566 2298 jussit.
578 2234 615 2286 lbi
626 2235 771 2286 confirmato
779 2238 995 2304 Amphictyonum

325 2306 446 2362 decreto,
464 2302 588 2353 communi
605 2301 715 2353 omnium
735 2305 874 2364 sententia,
893 2305 921 2356 in
934 2305 996 2356 Phi-

323 2372 389 2437 lippi
408 2370 483 2435 patris
503 2372 586 2421 lotum
608 2369 742 2435 imperator
759 2372 858 2422 Graecis
878 2374 996 2425 suffectus

324 2456 364 2491 est
375 2458 381 2491 :
392 2455 418 2488 et
427 2438 451 2488 in
461 2439 553 2488 bellum
563 2438 686 2488 Persicum
697 2438 785 2488 auxilia
795 2441 902 2490 decreta.
917 2444 993 2492 Forte

323 2507 352 2559 in
369 2508 453 2558 eadem
473 2506 531 2555 urbe
546 2504 672 2569 Diogenes
687 2505 791 2570 degebat
808 2543 815 2564 ,
838 2505 880 2572 qui
895 2508 995 2573 Cynico

322 2574 440 2626 instituto
455 2588 612 2637 spontaneam
625 2587 790 2636 paupertatem
806 2576 943 2637 amplexus,
960 2575 994 2625 li-

324 2643 409 2695 berum
425 2656 450 2691 et
462 2640 497 2689 sui
512 2640 570 2699 iuris
582 2637 688 2691 animum
706 2638 793 2703 opibus
805 2640 916 2705 curisque
933 2660 994 2705 praa-

324 2711 425 2761 tulerat.
444 2705 608 2771 Apricabatur
624 2706 669 2755 ille
690 2705 716 2755 in
734 2710 850 2766 Cranen,
875 2709 992 2759 Corinthi

323 2774 462 2831 suburbio,
484 2771 526 2824 ubi
541 2788 710 2835 cupressorum
726 2773 797 2826 lucus
814 2790 860 2826 est.
876 2778 913 2825 Eo
934 2794 993 2828 cum

323 2842 465 2897 Alexander
477 2839 580 2890 videndi
595 2842 646 2899 ejus
662 2840 784 2890 desiderio
803 2841 929 2900 uenisset,
944 2862 993 2908 op-

322 2910 464 2973 tionemque
486 2911 579 2956 faceret
594 2923 645 2971 quae
662 2910 737 2960 vellet
751 2909 781 2960 th
799 2910 848 2976 ipso
866 2913 960 2975 petendi
975 2933 990 2974 ,-

317 2974 570 3051 parmperdisecdere
582 2972 767 3045 iussitregem,
782 2980 892 3034 molon
909 2979 994 3040 tuuf
