2625 4017
362 555 395 609 ez
463 554 490 609 J.
525 550 713 611 FREINSH.
746 553 942 612 supatru.

362 658 457 694 tetcras
471 644 593 694 sotiorum
610 646 693 710 copias
704 650 758 695 cuin
773 645 833 696 Cala
847 662 873 695 et
888 644 1038 699 Alexandro

362 710 451 774 AEropi
465 710 518 761 filio
533 711 560 761 in
572 713 712 762 Memnonis
726 716 892 777 praefecturam
906 713 1035 768 immittit·

363 772 942 845 vectigalibustributisquecolligendisrtieiam
951 798 1039 845 quern*

363 845 417 895 dam
431 845 549 909 preficit3
566 848 705 897 Asandrum
718 847 822 896 Philota
835 846 913 896 filium
928 848 1009 914 Lydiae
1025 882 1035 906 ,

363 911 449 976 quibus
465 912 552 963 finibus
565 914 727 977 Spithridates
742 913 870 964 tenuisset·
887 915 947 965 Dari
958 916 989 965 ad
1005 914 1035 966 id

362 978 456 1042 equites
473 997 527 1029 cum
543 979 664 1045 expeditis
679 981 840 1039 cohortibus,
856 995 917 1043 quot
933 982 959 1032 in
973 997 1042 1046 prae·-

362 1046 440 1096 sentia
457 1048 581 1097 suffecturi
598 1049 755 1112 putabantur.
778 1049 860 1115 Lydos
879 1065 964 1099 omnes
982 1048 1035 1100 suit

362 1112 460 1179 legibus
476 1113 555 1163 libere
572 1116 607 1165 uti
631 1114 765 1179 permisit:
784 1130 810 1166 et
829 1111 884 1179 quia
901 1115 1034 1166 Sardianos

362 1180 446 1230 Dianae
455 1218 465 1240 ,
483 1199 553 1247 quarn
572 1185 688 1235 Coloe'rten
704 1197 813 1241 vocant,
833 1182 911 1232 t‘ultui
932 1182 1034 1233 deditos

362 1259 534 1313 cognoverat,
555 1247 624 1299 illius
640 1249 735 1313 templo
751 1250 787 1310 jus
802 1247 862 1313 asyli
881 1247 1034 1315 gratificatus

362 1327 408 1366 est.
418 1313 558 1366 Mithrenen
567 1314 703 1366 honorifice
720 1333 800 1366 secum
818 1315 919 1376 habuit,
939 1330 966 1367 ut
980 1317 1035 1380 ejus

361 1381 474 1445 exemplo
483 1396 509 1432 et
518 1381 581 1433 alios
590 1386 619 1433 ad
630 1381 799 1447 proditionem
807 1380 916 1434 illiceret
926 1395 1036 1448 {prote-

362 1446 435 1499 dente
453 1461 565 1512 tempore
582 1461 607 1500 et
624 1450 767 1501 Armeniam
785 1448 880 1499 homini
898 1451 1033 1516 regendam

361 1513 494 1565 commisit.
511 1518 625 1567 Ceterum
642 1516 744 1581 repertis
754 1517 786 1565 in
801 1532 855 1567 arce
874 1516 986 1577 libellis,
1004 1516 1033 1566 in

361 1582 447 1648 quibus
456 1580 520 1633 inter
532 1597 612 1634 cetera
625 1585 767 1662 perscripttt
780 1600 850 1635 etant
864 1582 1032 1649 largitiones,

306 1657 308 1661 '
361 1650 394 1699 ob
404 1649 493 1699 bellum
504 1652 681 1702 Macedonibus
695 1651 721 1702 in
737 1650 832 1701 Graecia
847 1652 1003 1702 conflandum
1018 1668 1033 1699 a

361 1716 463 1780 satrapis
477 1719 564 1776 fatte,
584 1717 706 1784 cognovit
723 1717 915 1769 Demosthenem
927 1734 981 1768 eam
998 1717 1036 1768 ob

360 1797 457 1833 causam
474 1798 587 1850 magnum
606 1785 657 1837 auri
694 1787 773 1836 ondus
793 1786 916 1851 accepisse
934 1801 943 1845 3
963 1786 1034 1846 cuiue

360 1849 434 1900 etiam
444 1850 554 1914 epistolae
562 1851 596 1902 ibi
606 1802 774 1903 servabantur.
785 1854 830 1902 Sed
840 1853 895 1917 quia
903 1868 964 1917 paee
975 1868 1033 1903 cum

360 1916 553 1969 Atheniensibus
565 1919 626 1969 inita
642 1935 762 1971 transacta
777 1935 815 1969 res
830 1936 900 1979 erat,
922 1918 986 1969 nihil
1003 1936 1035 1970 ea

361 1985 431 2034 dere
448 1986 526 2050 palam
541 2001 688 2051 conquestus
702 2000 755 2046 esta
773 2001 881 2037 ceterum
897 1984 1035 2051 intentiore

360 2066 418 2101 sura
430 2051 569 2117 agitandum
583 2053 693 2111 censuit,
709 2055 835 2117 quomodo
850 2056 966 2103 adversas
980 2052 1037 2102 effi·

360 2130 443 2167 sarem
459 2117 507 2170 viri
518 2120 682 2185 eloquentiam
695 2122 797 2175 Athena
806 2120 830 2169 in
846 2118 931 2170 officio
948 2118 1035 2170 eonti-

359 2198 489 2244 nereutur,
508 2204 549 2235 sua
564 2186 704 2237 defectione
720 2185 855 2237 universam
866 2185 988 2236 Graeciam
1005 2185 1044 2235 in-

358 2266 439 2317 partes
455 2266 575 2306 tracturae.
590 2256 673 2304 Nemo
690 2255 834 2306 occurrebat
847 2253 975 2303 Phocione
992 2252 1034 2301 di·

281 2341 283 2345 ·
359 2315 449 2383 punior,
467 2318 535 2379 eujus
544 2320 605 2369 mira
614 2319 772 2377 innocentia,
787 2335 813 2371 et
823 2321 856 2370 ob
866 2318 1045 2371 constantiam<

359 2383 460 2435 virtutis
474 2386 592 2437 honorata
604 2401 733 2452 paupertas
742 2398 803 2440 erat.
813 2390 873 2438 Euat
881 2402 942 2453 ergo
954 2422 962 2444 ,
977 2384 1034 2450 pri·

359 2467 425 2501 inum
435 2452 468 2502 ob
484 2470 551 2503 usum
562 2490 569 2513 ,
590 2454 679 2504 deinde
688 2467 716 2505 ut
725 2453 833 2504 hominis
841 2452 1032 2519 magnanimita-

358 2529 409 2569 tem
424 2519 508 2569 muitis
523 2520 696 2584 experimentis
710 2520 850 2589 cognovit,
868 2519 1032 2570 admiratione

359 2584 459 2635 virtutis
475 2584 510 2636 ita
526 2586 621 2646 coluit,
641 2603 669 2637 nt
686 2605 739 2637 cum
756 2601 815 2652 post
829 2604 941 2639 eversum
956 2584 1032 2636 Darii

358 2649 485 2715 imperium
503 2652 585 2712 animo
600 2656 678 2707 elatus
694 2654 815 2705 neminem
828 2654 876 2717 jam
891 2651 1033 2709 saluteti-

357 2733 487 2783 gnaretur‚
505 2721 534 2769 ad
546 2737 617 2785 quem
631 2721 770 2777 scribehatt
786 2720 901 2770 eximium
915 2737 971 2771 eum
985 2719 1033 2770 ho·

356 2798 443 2833 norem
463 2786 557 2836 duobus
574 2802 690 2844 tantum,
710 2787 845 2851 Antipatro
864 2799 890 2838 et
904 2783 1031 2838 Phocioni

358 2850 479 2901 habuerit.
494 2856 599 2905 Constat
608 2855 664 2905 huic
677 2854 810 2919 aliquando
825 2869 923 2906 centum
935 2855 1031 2907 talenta

357 2916 426 2966 dono
443 2916 538 2967 misisse
556 2937 639 2987 regem
658 2940 665 2972 z
685 2922 774 2972 deiude
795 2920 924 2986 optionem
940 2919 1031 2973 fecisse

357 2983 423 3040 inter
436 2998 541 3055 quatuor
562 2987 627 3042 baud
644 2987 769 3058 ignobiles
785 2988 852 3052 Asia
867 2989 939 3046 urbes
956 3004 1030 3044 tutu
