2625 4017
446 557 653 620 ,LI-BER
694 555 738 620 V.
880 580 934 631 279

262 658 422 727 Alexandri
435 658 490 720 sihi
503 658 660 729 nonninus
668 656 834 737 justitiam,
858 680 939 739 quam

264 746 396 808 virtutem
417 759 478 799 esse
496 756 680 820 perspectam.
703 734 777 797 Falli
800 758 867 808 eos,
893 737 941 830 qui

260 817 430 906 proditionis
448 817 481 877 ab
500 837 530 877 eo
540 816 682 898 praemium
699 836 735 877 ex
754 835 843 877 ectenr
855 843 864 876 .·
876 838 939 880 vto-

247 903 249 907 ’
265 897 409 981 iaraefidei
424 896 560 958 nerninem
573 896 708 955 acriorem
718 836 782 971 sire
799 895 941 960 vindicent

266 981 444 1056 ultoremque.
465 978 587 1053 Jamque
605 996 665 1035 nox
683 978 851 1054 appetebat,
871 997 940 1041 eum

210 1126 214 1132 ,
265 1062 357 1122 Persae
373 1077 454 1117 more
471 1057 557 1116 solito
570 1056 654 1115 armis
671 1055 769 1133 positis
786 1056 820 1114 ad
836 1076 940 1117 neces-

267 1140 340 1201 saria
359 1158 395 1197 ex
410 1138 544 1214 proximo
562 1136 629 1197 vico
641 1135 755 1195 ferenda
773 1135 942 1201 discurrunt.

267 1226 309 1281 At
325 1218 484 1284 Bactriani,
508 1234 538 1275 ut
554 1215 795 1292 imperatumerat
805 1236 824 1273 a
834 1216 942 1288 Besso,

268 1292 942 1374 armatistabant.lnterbaecDariusArtabapum

269 1376 357 1462 acciri
373 1378 451 1455 jubet
465 1396 475 1447 ς
486 1374 695 1453 expositisque,
707 1394 767 1450 quae
777 1372 882 1434 Patron
893 1374 943 1437 de·

268 1458 395 1525 tuleras,
424 1452 496 1513 haud
518 1451 644 1513 dubitare
668 1455 850 1522 Artabazus,
875 1454 941 1531 quin

270 1533 467 1597 transeundum
496 1550 570 1592 esset
597 1531 628 1590 in
653 1549 747 1592 castra
771 1529 942 1597 Graecorum·

270 1614 375 1675 Persas
396 1631 497 1692 quoque
515 1608 637 1692 periculo
653 1609 767 1689 vulgato
789 1609 942 1674 secutbros.

270 1695 433 1754 Destinatus
441 1691 510 1750 sorti
522 1712 595 1758 suae,
606 1706 635 1748 et
645 1688 816 1764 jamnullius
827 1691 944 1753 salubris

271 1773 385 1835 consilii
406 1772 541 1848 patiens,
571 1768 687 1828 unicam
707 1768 737 1827 in
760 1768 810 1828 ilia
829 1770 944 1834 fortuna

274 1872 363 1930 opem
383 1851 559 1910 Artabazum
578 1845 713 1908 ultimitm
731 1847 815 1909 illurn
835 1851 946 1915 visurus

271 1930 471 2010 amplectitur3
483 1928 665 2005 perfususque
674 1929 779 1988 mutuis
789 1930 947 2007 lacrymiss

273 2010 454 2071 innatantem
465 2005 521 2066 sibi
533 2007 617 2067 averti
629 2008 707 2086 jubet
719 2030 727 2067 t
743 2008 834 2090 capite
844 2008 946 2074 deinde

273 2089 384 2159 velato,
400 2108 436 2148 ne
447 2087 520 2147 inter
531 2087 868 2168 gemitusdigredienbem
880 2091 946 2153 vel·

272 2188 305 2231 ut
323 2191 339 2229 a
357 2187 423 2250 rege
442 2166 617 2238 intueretur3
636 2165 667 2224 in
683 2165 803 2228 humum
822 2187 948 2243 pronum

268 2270 376 2327 ,corpus
388 2246 502 2325 abjecit.
515 2247 595 2306 Tum
606 2264 677 2307 vero
687 2246 819 2305 custodiat
830 2246 890 2323 ejus
901 2271 949 2310 as·

273 2328 345 2389 sueti
356 2368 367 2397 ,
383 2347 454 2403 quos
464 2326 536 2405 regis
554 2325 674 2384 salutem
685 2324 732 2384 vel
742 2326 872 2404 periculo
882 2329 948 2391 vitu

275 2407 348 2470 tueri
356 2407 526 2483 oportebat,
535 2402 641 2481 ¹dilapsi
650 2419 731 2475 sunt3
743 2425 810 2463 cunr
822 2408 949 2479 armatis,

273 2509 348 2564 quos
358 2486 418 2564 jam
427 2484 577 2545 adventare
588 2482 757 2551 credebant,
771 2481 949 2550 haud-sarisa

275 2568 385 2627 futuros
401 2584 493 2643 pares.
511 2565 613 2646 Ingens
629 2582 700 2641 ergo
717 2561 746 2620 in
762 2564 948 2629 tabernacul'o'

274 2646 399 2706 solitudo
412 2662 492 2713 etat,
504 2643 599 2721 paucis
611 2640 800 2718 spadonibus,
812 2643 878 2719 quia
889 2667 948 2725 quo

270 2725 471 2793 discederent,
489 2742 551 2782 non·
561 2721 722 2789 habebant,
740 2720 950 2787 circumstanti-

276 2809 328 2865 bus
348 2824 457 2886 tegem.
479 2802 520 2862 At
539 2801 588 2861 ille
603 2798 881 2880 remotisarbitris‚
899 2805 949 2878 diu

276 2885 353 2945 aliud
370 2901 453 2960 atque
464 2875 540 2941 aliud
551 2877 704 2947 consilium
720 2880 820 2940 animo
835 2887 951 2946 voluens·

274 2964 470 3044 tan-Jamque
480 2960 951 3041 solitudinemquautpnuloann
