2625 4017
411 571 443 614 34
509 551 536 606 J.
571 557 758 610 FRElNSH.
792 549 983 611 S'UPPLBM·

406 645 490 710 cipere.
483 646 562 695 .Non
577 653 668 696 veteres
684 657 778 696 tantum
793 646 895 710 injurias
911 637 1077 701 vindicandos

407 728 473 773 esse,·
493 712 533 763 sed
547 729 651 779 praesens
672 712 769 764 dedecus
787 715 964 771 amoliendum,
985 716 1077 782 ereptis

408 795 436 827 er
451 780 580 829 Persarum
595 781 712 830 servitute
730 780 823 829 Graecis
837 781 997 839 civitatibus,
1020 797 1073 847 quae

408 844 494 894 Asiam
510 846 650 895 incolerent.
670 847 862 899 Commodissime
877 848 901 898 id
911 849 970 909 fleri
981 860 1073 927 posse,

408 911 464 960 dum
477 912 612 977 compositis
624 913 754 964 inGrcecio
768 912 853 970 rebus,
867 916 993 965 universas
1006 915 1074 965 virts

409 979 433 1027 in
443 979 631 1028 transmarinum
646 978 684 1029 bei
674 982 733 1030 ilum
742 982 987 1032 converteretiuerom
1002 988 1075 1060 esset·

409 1044 554 1096 Domesticos
563 1046 633 1096 etiam
643 1047 716 1111 quieti
725 1063 751 1097 eo
760 1048 853 1098 ratione
859 1059 1009 1126 prospectum
1019 1049 1072 1107 iri,

408 1114 496 1163 amoris
509 1114 671 1178 occupatisque
684 1114 811 1181 longinquo
826 1110 931 1170 militia,
946 1116 986 1181 qui
1002 1115 1075 1166 otiosi

380 1232 383 1237 ,
408 1180 537 1231 discordiis
550 1194 573 1229 er
590 1181 691 1229 audacio
716 1197 753 1231 res
770 1180 867 1231 turbare
884 1184 1074 1233 consuevissent

408 1248 613 1299 Constituerent
605 1248 684 1314 igitur
698 1263 742 1312 quo
762 1248 926 1314 imperatore,
947 1249 1075 1315 quibusque

407 1314 480 1382 copiis
503 1313 590 1363 bellum
612 1315 677 1363 istud
697 1315 915 1365 administrandum
936 1316 1075 1368 uideretur.

406 1383 465 1430 Non
475 1379 577 1429 fallebat
590 1380 719 1456 plerosque
733 1392 847 1444 quantum
861 1397 874 1429 e
888 1381 1015 1459 republica
1028 1397 1074 1445 pe-

402 1458 521 1498 teretur:
536 1446 580 1494 sed
588 1444 661 1495 armis
671 1446 779 1497 amissam
789 1446 944 1497 libertatem
937 1457 1075 1514 intempes-

407 1527 486 1564 tivum
495 1511 624 1562 vedebatur
634 1512 715 1563 verbis
730 1523 849 1578 repetere.
866 1511 939 1564 Nihil
949 1524 1009 1581 etg'o
1026 1517 1074 1565 du-

335 1589 341 1599 “
407 1580 509 1631 bitatum
526 1594 579 1638 est,
596 1579 654 1644 quin
669 1581 754 1631 frustis
769 1581 1002 1642 acclamationibus,
1014 1585 1076 1634 Piti-

406 1650 500 1717 Iippus'
492 1664 621 1726 imperator
628 1649 731 1699 Graeciae
739 1652 772 1699 od
779 1649 927 1700 liberandum
937 1650 1015 1702 oriem
1025 1666 1076 1701 ter·

407 1733 490 1766 rarum
505 1716 530 1765 iu
547 1714 633 1765 Asiam
646 1717 767 1783 proficisci
786 1716 919 1778 juberetur.
937 1717 1078 1793 Descripta

407 1782 497 1833 deinde
512 1779 666 1848 singulorum
685 1798 768 1846 opes,
794 1798 819 1832 et
818 1788 950 1861 quonium
972 1781 1076 1850 quisque

406 1850 512 1901 militum
528 1850 690 1915 frumentique
704 1865 729 1900 et
737 1866 842 1915 pecumae
857 1851 984 1910 mitteret,
1003 1851 1030 1902 in
1040 1867 1079 1902 ts-

407 1919 475 1969 bulas
486 1918 588 1967 relatum
598 1933 644 1971 est
658 1918 770 1969 Duceret
785 1917 911 1982 peditum,
933 1891 1077 1997 quindecim

406 1983 513 2052 equitum
527 1983 605 2035 millia
619 1986 737 2050 promissa
751 1984 825 2036 fnisse
841 1985 957 2051 reperio;
977 2003 1032 2037 essm
1050 1986 1078 2036 in

406 2070 436 2104 eo
456 2070 557 2103 numero
579 2069 656 2119 neque
673 2055 840 2111 Macedones,
859 2069 935 2120 neque
960 2070 1077 2119 potentes

406 2121 583 2171 Macedonibus
597 2120 692 2171 barbati
707 2136 870 2173 censerentur.

441 2191 486 2239 Ca
496 2199 521 2237 u.
537 2188 585 2239 tx.
602 2190 733 2248 Ceterum,
752 2201 779 2238 ut
792 2188 842 2238 sine
856 2186 960 2238 mixtura
976 2185 1077 2237 calami·

405 2254 464 2304 tatis
472 2256 537 2304 nulle
548 2255 572 2303 in
583 2256 653 2304 rebus
663 2255 771 2305 humanis
781 2255 888 2306 felicitas
898 2270 950 2313 est,
964 2271 1002 2304 res
1012 2254 1075 2304 fotis

405 2338 533 2386 prosperas
543 2320 683 2371 domesticu
695 2323 770 2372 tutbae
778 2336 934 2387 exceperunt.
953 2322 1075 2372 Animum

396 2389 607 2465 ·con1ug1solrm
619 2388 775 2448 utdi'ximtts,
787 2389 929 2440 alieniorem
944 2388 1075 2465 Olympias

404 2455 550 2507 morositate
564 2472 589 2507 et
602 2457 742 2523 arrogantia
752 2457 776 2506 in
793 2458 845 2507 dies
855 2456 933 2533 magis
948 2473 1074 2522 magisque

406 2526 539 2576 avertebat.
551 2525 610 2574 lude
602 2526 768 2602 repudiatam
778 2522 891 2574 nonnulli
902 2524 1017 2574 tradunt:
1025 2536 1074 2589 ego

403 2591 429 2640 in
439 2593 526 2642 eodem
536 2592 694 2668 matrimonio
703 2608 809 2669 manente
804 2591 980 2669 Cleopatram
990 2608 1076 2655 super·

405 2660 528 2709 inductam
539 2659 675 2722 comperio.
684 2662 737 2708 Nec
748 2658 812 2709 enim
822 2656 977 2709 Alexander
971 2675 995 2707 ιιι
1003 2670 1075 2708 tsnto

406 2725 1077 2806 dedecoredulcissimaematris‚cuiuspudoradipsum

405 2810 501 2857 quoque
516 2793 650 2856 pertineret
660 2801 669 2852 (
678 2810 731 2842 nans
743 2795 770 2845 ob
784 2797 862 2861 stupri
872 2795 1027 2869 suspicionem
1037 2811 1077 2843 er-

401 2863 496 2937 pulsum
512 2860 620 2920 addunt)
633 2860 795 2911 interfuisset
797 2876 907 2911 novercae
918 2858 1026 2935 Ι,ιιιιῐιιίἱε
1038 2864 1079 2910 Ιιι-

406 2927 491 2976 cersuit
501 2943 596 2984 autem,
606 2943 631 2975 et
642 2929 738 2977 demum
748 2944 805 2992 post
815 2925 998 2978 contentionem
1008 2963 1015 2985 ‚
1025 2942 1078 2991 quo

405 3009 432 3044 tu
440 3011 470 3044 eo
478 3010 596 3046 convento
604 3010 739 3057 exarserat
746 3012 849 3048 matrem
857 2994 964 3048 abduxit
975 2994 1079 3061 Quippe
