<?xml version="1.0" encoding="UTF-8"?>
<!DOCTYPE html PUBLIC "-//W3C//DTD XHTML 1.0 Transitional//EN"
    "http://www.w3.org/TR/xhtml1/DTD/xhtml1-transitional.dtd">
<html xmlns="http://www.w3.org/1999/xhtml" xml:lang="en" lang="en">
 <head>
  <title>
</title>
<meta http-equiv="Content-Type" content="text/html;charset=utf-8" />
  <meta name='ocr-system' content='tesseract 3.04.00' />
  <meta name='ocr-capabilities' content='ocr_page ocr_carea ocr_par ocr_line ocrx_word'/>
</head>
<body>
  <div class='ocr_page' id='page_1' title='image "./qcurtiirufidere00rufugoog_0398.png"; bbox 0 0 2625 4017; ppageno 0'>
   <div class='ocr_carea' id='block_1_1' title="bbox 495 559 1000 644">
    <p class='ocr_par' dir='ltr' id='par_1_1' title="bbox 495 559 1000 644">
     <span class='ocr_line' id='line_1_1' title="bbox 495 559 1000 644; baseline -0.006 -16"><span class='ocrx_word' id='word_1_1' title='bbox 495 559 689 628; x_wconf 77' lang='lat' dir='ltr'>LIBER</span> <span class='ocrx_word' id='word_1_2' title='bbox 727 563 834 630; x_wconf 88' lang='lat' dir='ltr'>v11.</span> <span class='ocrx_word' id='word_1_3' title='bbox 939 559 1000 644; x_wconf 68' lang='lat'><strong>&#39;389‘</strong></span> 
     </span>
    </p>
   </div>
   <div class='ocr_carea' id='block_1_2' title="bbox 327 662 1002 985">
    <p class='ocr_par' dir='ltr' id='par_1_2' title="bbox 327 662 1002 985">
     <span class='ocr_line' id='line_1_2' title="bbox 327 662 1002 747; baseline -0.009 -16"><span class='ocrx_word' id='word_1_4' title='bbox 327 662 419 731; x_wconf 88' lang='lat' dir='ltr'>Utres</span> <span class='ocrx_word' id='word_1_5' title='bbox 447 666 671 747; x_wconf 85' lang='lat' dir='ltr'>quamplurimos</span> <span class='ocrx_word' id='word_1_6' title='bbox 699 664 856 728; x_wconf 87' lang='lat' dir='ltr'>stramentis</span> <span class='ocrx_word' id='word_1_7' title='bbox 883 662 1002 725; x_wconf 74' lang='lat' dir='ltr'>refertos</span> 
     </span>
     <span class='ocr_line' id='line_1_3' title="bbox 327 748 1002 811; baseline -0.01 -2"><span class='ocrx_word' id='word_1_8' title='bbox 327 748 439 811; x_wconf 75' lang='lat' dir='ltr'>dividit,</span> <span class='ocrx_word' id='word_1_9' title='bbox 446 749 499 808; x_wconf 89' lang='lat' dir='ltr'>His</span> <span class='ocrx_word' id='word_1_10' title='bbox 508 748 670 808; x_wconf 85' lang='lat' dir='ltr'>incubantes</span> <span class='ocrx_word' id='word_1_11' title='bbox 680 761 858 807; x_wconf 77' lang='lat' dir='ltr'>transnavere</span> <span class='ocrx_word' id='word_1_12' title='bbox 866 763 1002 804; x_wconf 75' lang='lat' dir='ltr'>amnem:</span> 
     </span>
     <span class='ocr_line' id='line_1_4' title="bbox 327 825 999 906; baseline -0.007 -18"><span class='ocrx_word' id='word_1_13' title='bbox 327 828 433 906; x_wconf 89' lang='lat' dir='ltr'>quique</span> <span class='ocrx_word' id='word_1_14' title='bbox 443 828 527 906; x_wconf 92' lang='lat' dir='ltr'>primi</span> <span class='ocrx_word' id='word_1_15' title='bbox 536 826 718 894; x_wconf 80' lang='lat' dir='ltr'>transierant,</span> <span class='ocrx_word' id='word_1_16' title='bbox 730 826 759 885; x_wconf 94' lang='lat' dir='ltr'>in</span> <span class='ocrx_word' id='word_1_17' title='bbox 771 825 891 886; x_wconf 87' lang='lat' dir='ltr'>statione</span> <span class='ocrx_word' id='word_1_18' title='bbox 901 838 999 892; x_wconf 88' lang='lat' dir='ltr'>erant,</span> 
     </span>
     <span class='ocr_line' id='line_1_5' title="bbox 328 903 1001 985; baseline -0.006 -18"><span class='ocrx_word' id='word_1_19' title='bbox 328 909 398 967; x_wconf 86' lang='lat' dir='ltr'>dum</span> <span class='ocrx_word' id='word_1_20' title='bbox 422 907 583 985; x_wconf 85' lang='lat' dir='ltr'>trajicerent</span> <span class='ocrx_word' id='word_1_21' title='bbox 603 905 700 968; x_wconf 84' lang='lat' dir='ltr'>ceteri.</span> <span class='ocrx_word' id='word_1_22' title='bbox 723 906 791 966; x_wconf 89' lang='lat' dir='ltr'>Hoc</span> <span class='ocrx_word' id='word_1_23' title='bbox 809 903 897 964; x_wconf 92' lang='lat' dir='ltr'>modo</span> <span class='ocrx_word' id='word_1_24' title='bbox 916 921 1001 963; x_wconf 80' lang='lat' dir='ltr'>sexto</span> 
     </span>
    </p>
   </div>
   <div class='ocr_carea' id='block_1_3' title="bbox 279 984 1022 3058">
    <p class='ocr_par' dir='ltr' id='par_1_3' title="bbox 279 984 1012 2017">
     <span class='ocr_line' id='line_1_6' title="bbox 328 984 1001 1061; baseline -0.009 -15"><span class='ocrx_word' id='word_1_25' title='bbox 328 988 447 1046; x_wconf 87' lang='lat' dir='ltr'>demum</span> <span class='ocrx_word' id='word_1_26' title='bbox 466 986 510 1047; x_wconf 90' lang='lat' dir='ltr'>die</span> <span class='ocrx_word' id='word_1_27' title='bbox 527 987 557 1045; x_wconf 93' lang='lat' dir='ltr'>in</span> <span class='ocrx_word' id='word_1_28' title='bbox 574 984 709 1045; x_wconf 89' lang='lat' dir='ltr'>ulteriore</span> <span class='ocrx_word' id='word_1_29' title='bbox 728 987 787 1061; x_wconf 88' lang='lat' dir='ltr'>ripa</span> <span class='ocrx_word' id='word_1_30' title='bbox 805 1001 899 1044; x_wconf 89' lang='lat' dir='ltr'>totum</span> <span class='ocrx_word' id='word_1_31' title='bbox 916 1001 1001 1041; x_wconf 83' lang='lat' dir='ltr'>exer·</span> 
     </span>
     <span class='ocr_line' id='line_1_7' title="bbox 279 1060 1001 1142; baseline -0.007 -15"><span class='ocrx_word' id='word_1_32' title='bbox 279 1074 281 1078; x_wconf 85' lang='lat'>&#39;</span> <span class='ocrx_word' id='word_1_33' title='bbox 327 1066 419 1127; x_wconf 84' lang='lat' dir='ltr'>citum</span> <span class='ocrx_word' id='word_1_34' title='bbox 433 1066 573 1142; x_wconf 81' lang='lat' dir='ltr'><strong>exposuit.</strong></span> <span class='ocrx_word' id='word_1_35' title='bbox 589 1064 711 1139; x_wconf 85' lang='lat' dir='ltr'>Jamque</span> <span class='ocrx_word' id='word_1_36' title='bbox 727 1065 761 1124; x_wconf 89' lang='lat' dir='ltr'>ad</span> <span class='ocrx_word' id='word_1_37' title='bbox 776 1060 1001 1141; x_wconf 85' lang='lat' dir='ltr'>persequendum</span> 
     </span>
     <span class='ocr_line' id='line_1_8' title="bbox 327 1140 999 1221; baseline -0.007 -17"><span class='ocrx_word' id='word_1_38' title='bbox 327 1144 445 1204; x_wconf 83' lang='lat' dir='ltr'><strong>Bessum</strong></span> <span class='ocrx_word' id='word_1_39' title='bbox 458 1160 590 1205; x_wconf 85' lang='lat' dir='ltr'>statuerat</span> <span class='ocrx_word' id='word_1_40' title='bbox 602 1141 752 1221; x_wconf 80' lang='lat' dir='ltr'>progredi3</span> <span class='ocrx_word' id='word_1_41' title='bbox 768 1164 834 1205; x_wconf 87' lang='lat' dir='ltr'>cunr</span> <span class='ocrx_word' id='word_1_42' title='bbox 848 1162 881 1202; x_wconf 86' lang='lat' dir='ltr'>ea</span> <span class='ocrx_word' id='word_1_43' title='bbox 895 1161 955 1217; x_wconf 81' lang='lat' dir='ltr'>quat</span> <span class='ocrx_word' id='word_1_44' title='bbox 966 1140 999 1200; x_wconf 86' lang='lat' dir='ltr'>in</span> 
     </span>
     <span class='ocr_line' id='line_1_9' title="bbox 327 1220 999 1303; baseline -0.006 -19"><span class='ocrx_word' id='word_1_45' title='bbox 327 1222 477 1303; x_wconf 82' lang='lat' dir='ltr'>Sogdianis</span> <span class='ocrx_word' id='word_1_46' title='bbox 504 1241 609 1291; x_wconf 92' lang='lat' dir='ltr'>erant,</span> <span class='ocrx_word' id='word_1_47' title='bbox 634 1224 793 1301; x_wconf 85' lang='lat' dir='ltr'>cognoscit.</span> <span class='ocrx_word' id='word_1_48' title='bbox 820 1220 999 1299; x_wconf 79' lang='lat' dir='ltr'>Spitamenes</span> 
     </span>
     <span class='ocr_line' id='line_1_10' title="bbox 326 1298 998 1379; baseline -0.006 -15"><span class='ocrx_word' id='word_1_49' title='bbox 326 1320 389 1364; x_wconf 85' lang='lat' dir='ltr'>erat</span> <span class='ocrx_word' id='word_1_50' title='bbox 399 1303 474 1363; x_wconf 83' lang='lat' dir='ltr'>inter</span> <span class='ocrx_word' id='word_1_51' title='bbox 488 1322 589 1363; x_wconf 88' lang='lat' dir='ltr'>omnes</span> <span class='ocrx_word' id='word_1_52' title='bbox 602 1300 710 1360; x_wconf 87' lang='lat' dir='ltr'>amicos</span> <span class='ocrx_word' id='word_1_53' title='bbox 728 1300 868 1379; x_wconf 84' lang='lat' dir='ltr'>ptaecipuo</span> <span class='ocrx_word' id='word_1_54' title='bbox 885 1298 998 1360; x_wconf 79' lang='lat' dir='ltr'>honore</span> 
     </span>
     <span class='ocr_line' id='line_1_11' title="bbox 325 1376 998 1457; baseline -0.004 -15"><span class='ocrx_word' id='word_1_55' title='bbox 325 1383 419 1442; x_wconf 82' lang='lat' dir='ltr'>cultus</span> <span class='ocrx_word' id='word_1_56' title='bbox 434 1404 449 1442; x_wconf 94' lang='lat' dir='ltr'>a</span> <span class='ocrx_word' id='word_1_57' title='bbox 465 1383 563 1444; x_wconf 88' lang='lat' dir='ltr'>Besso.</span> <span class='ocrx_word' id='word_1_58' title='bbox 581 1380 634 1440; x_wconf 88' lang='lat' dir='ltr'>Sed</span> <span class='ocrx_word' id='word_1_59' title='bbox 651 1380 736 1441; x_wconf 87' lang='lat' dir='ltr'>nullis</span> <span class='ocrx_word' id='word_1_60' title='bbox 752 1381 859 1441; x_wconf 90' lang='lat' dir='ltr'>meritis</span> <span class='ocrx_word' id='word_1_61' title='bbox 880 1376 998 1457; x_wconf 84' lang='lat' dir='ltr'>perfidia</span> 
     </span>
     <span class='ocr_line' id='line_1_12' title="bbox 325 1457 998 1542; baseline -0.006 -21"><span class='ocrx_word' id='word_1_62' title='bbox 325 1461 453 1542; x_wconf 89' lang='lat' dir='ltr'>mitigari</span> <span class='ocrx_word' id='word_1_63' title='bbox 467 1478 569 1538; x_wconf 88' lang='lat' dir='ltr'>potest.</span> <span class='ocrx_word' id='word_1_64' title='bbox 588 1458 661 1538; x_wconf 84' lang='lat' dir='ltr'>Quae</span> <span class='ocrx_word' id='word_1_65' title='bbox 677 1478 772 1521; x_wconf 88' lang='lat' dir='ltr'>tamen</span> <span class='ocrx_word' id='word_1_66' title='bbox 787 1462 845 1539; x_wconf 85' lang='lat' dir='ltr'>jam</span> <span class='ocrx_word' id='word_1_67' title='bbox 859 1459 952 1518; x_wconf 90' lang='lat' dir='ltr'>minus</span> <span class='ocrx_word' id='word_1_68' title='bbox 965 1457 998 1517; x_wconf 76' lang='lat' dir='ltr'>itt</span> 
     </span>
     <span class='ocr_line' id='line_1_13' title="bbox 324 1536 998 1617; baseline -0.007 -16"><span class='ocrx_word' id='word_1_69' title='bbox 324 1560 363 1601; x_wconf 91' lang='lat' dir='ltr'>eo</span> <span class='ocrx_word' id='word_1_70' title='bbox 377 1541 467 1603; x_wconf 90' lang='lat' dir='ltr'>invisa</span> <span class='ocrx_word' id='word_1_71' title='bbox 483 1561 541 1601; x_wconf 86' lang='lat' dir='ltr'>esse</span> <span class='ocrx_word' id='word_1_72' title='bbox 558 1555 689 1617; x_wconf 88' lang='lat' dir='ltr'>poterat,</span> <span class='ocrx_word' id='word_1_73' title='bbox 708 1542 772 1616; x_wconf 89' lang='lat' dir='ltr'>quia</span> <span class='ocrx_word' id='word_1_74' title='bbox 788 1539 859 1599; x_wconf 87' lang='lat' dir='ltr'>nihil</span> <span class='ocrx_word' id='word_1_75' title='bbox 876 1536 928 1598; x_wconf 85' lang='lat' dir='ltr'>uni</span> <span class='ocrx_word' id='word_1_76' title='bbox 945 1556 998 1597; x_wconf 87' lang='lat' dir='ltr'>ne-</span> 
     </span>
     <span class='ocr_line' id='line_1_14' title="bbox 322 1612 997 1698; baseline -0.003 -18"><span class='ocrx_word' id='word_1_77' title='bbox 322 1618 427 1680; x_wconf 85' lang='lat' dir='ltr'>fastum</span> <span class='ocrx_word' id='word_1_78' title='bbox 445 1621 475 1679; x_wconf 92' lang='lat' dir='ltr'>in</span> <span class='ocrx_word' id='word_1_79' title='bbox 495 1621 610 1680; x_wconf 89' lang='lat' dir='ltr'>Bessum</span> <span class='ocrx_word' id='word_1_80' title='bbox 631 1619 841 1680; x_wconf 86' lang='lat' dir='ltr'>interfectorem</span> <span class='ocrx_word' id='word_1_81' title='bbox 860 1616 932 1698; x_wconf 85' lang='lat' dir='ltr'>regis</span> <span class='ocrx_word' id='word_1_82' title='bbox 953 1612 997 1678; x_wconf 84' lang='lat' dir='ltr'>sui</span> 
     </span>
     <span class='ocr_line' id='line_1_15' title="bbox 322 1697 996 1775; baseline -0.006 -16"><span class='ocrx_word' id='word_1_83' title='bbox 322 1699 481 1761; x_wconf 66' lang='lat' dir='ltr'>videbaturt</span> <span class='ocrx_word' id='word_1_84' title='bbox 496 1698 611 1758; x_wconf 85' lang='lat' dir='ltr'>Titulus</span> <span class='ocrx_word' id='word_1_85' title='bbox 626 1697 759 1759; x_wconf 86' lang='lat' dir='ltr'>facinoris</span> <span class='ocrx_word' id='word_1_86' title='bbox 773 1698 914 1775; x_wconf 90' lang='lat' dir='ltr'>speciosus</span> <span class='ocrx_word' id='word_1_87' title='bbox 925 1715 996 1772; x_wconf 86' lang='lat' dir='ltr'>prae-</span> 
     </span>
     <span class='ocr_line' id='line_1_16' title="bbox 321 1774 1012 1846; baseline -0.001 -9"><span class='ocrx_word' id='word_1_88' title='bbox 321 1777 483 1846; x_wconf 86' lang='lat' dir='ltr'>ferebatur,</span> <span class='ocrx_word' id='word_1_89' title='bbox 507 1774 634 1838; x_wconf 75' lang='lat' dir='ltr'>uindicta</span> <span class='ocrx_word' id='word_1_90' title='bbox 652 1775 767 1838; x_wconf 83' lang='lat' dir='ltr'>Darii:</span> <span class='ocrx_word' id='word_1_91' title='bbox 785 1778 831 1838; x_wconf 93' lang='lat' dir='ltr'>sed</span> <span class='ocrx_word' id='word_1_92' title='bbox 849 1776 1012 1836; x_wconf 75' lang='lat' dir='ltr'>fortunam</span> 
     </span>
     <span class='ocr_line' id='line_1_17' title="bbox 321 1854 996 1918; baseline -0.003 -2"><span class='ocrx_word' id='word_1_93' title='bbox 321 1876 383 1917; x_wconf 90' lang='lat' dir='ltr'>non</span> <span class='ocrx_word' id='word_1_94' title='bbox 397 1860 486 1918; x_wconf 89' lang='lat' dir='ltr'>scelus</span> <span class='ocrx_word' id='word_1_95' title='bbox 502 1856 619 1917; x_wconf 82' lang='lat' dir='ltr'>oderant</span> <span class='ocrx_word' id='word_1_96' title='bbox 633 1857 719 1918; x_wconf 89' lang='lat' dir='ltr'>Bessi.</span> <span class='ocrx_word' id='word_1_97' title='bbox 732 1857 810 1917; x_wconf 89' lang='lat' dir='ltr'>Nam</span> <span class='ocrx_word' id='word_1_98' title='bbox 824 1872 855 1918; x_wconf 85' lang='lat' dir='ltr'>ut</span> <span class='ocrx_word' id='word_1_99' title='bbox 866 1854 996 1916; x_wconf 85' lang='lat' dir='ltr'>Alexan·</span> 
     </span>
     <span class='ocr_line' id='line_1_18' title="bbox 321 1930 992 2017; baseline 0 -22"><span class='ocrx_word' id='word_1_100' title='bbox 321 1937 405 1997; x_wconf 89' lang='lat' dir='ltr'>dmm</span> <span class='ocrx_word' id='word_1_101' title='bbox 426 1936 532 1997; x_wconf 86' lang='lat' dir='ltr'>flumen</span> <span class='ocrx_word' id='word_1_102' title='bbox 546 1936 648 1997; x_wconf 84' lang='lat' dir='ltr'>Oxum</span> <span class='ocrx_word' id='word_1_103' title='bbox 667 1958 808 2014; x_wconf 84' lang='lat' dir='ltr'>superasse</span> <span class='ocrx_word' id='word_1_104' title='bbox 827 1930 992 2017; x_wconf 55' lang='lat' dir='ltr'>cognorim</span> 
     </span>
    </p>

    <p class='ocr_par' dir='ltr' id='par_1_4' title="bbox 320 2015 992 2095">
     <span class='ocr_line' id='line_1_19' title="bbox 320 2015 992 2095; baseline 0 -20"><span class='ocrx_word' id='word_1_105' title='bbox 320 2015 524 2093; x_wconf 85' lang='lat' dir='ltr'>Dataphernen</span> <span class='ocrx_word' id='word_1_106' title='bbox 542 2032 570 2075; x_wconf 96' lang='lat' dir='ltr'>et</span> <span class='ocrx_word' id='word_1_107' title='bbox 587 2015 735 2087; x_wconf 78' lang='lat' dir='ltr'>Carmen,</span> <span class='ocrx_word' id='word_1_108' title='bbox 755 2018 852 2095; x_wconf 89' lang='lat' dir='ltr'>quibus</span> <span class='ocrx_word' id='word_1_109' title='bbox 871 2038 888 2077; x_wconf 95' lang='lat' dir='ltr'>a</span> <span class='ocrx_word' id='word_1_110' title='bbox 903 2017 992 2076; x_wconf 87' lang='lat' dir='ltr'>Besso</span> 
     </span>
    </p>

    <p class='ocr_par' dir='ltr' id='par_1_5' title="bbox 320 2093 992 2165">
     <span class='ocr_line' id='line_1_20' title="bbox 320 2093 992 2165; baseline 0 -10"><span class='ocrx_word' id='word_1_111' title='bbox 320 2097 448 2155; x_wconf 83' lang='lat' dir='ltr'>maxima</span> <span class='ocrx_word' id='word_1_112' title='bbox 458 2095 525 2155; x_wconf 89' lang='lat' dir='ltr'>fides</span> <span class='ocrx_word' id='word_1_113' title='bbox 535 2093 709 2165; x_wconf 87' lang='lat' dir='ltr'>habebatur,</span> <span class='ocrx_word' id='word_1_114' title='bbox 730 2098 759 2155; x_wconf 95' lang='lat' dir='ltr'>in</span> <span class='ocrx_word' id='word_1_115' title='bbox 771 2098 935 2157; x_wconf 88' lang='lat' dir='ltr'>societatem</span> <span class='ocrx_word' id='word_1_116' title='bbox 944 2093 992 2155; x_wconf 85' lang='lat' dir='ltr'>rei</span> 
     </span>
    </p>

    <p class='ocr_par' dir='ltr' id='par_1_6' title="bbox 321 2175 992 2252">
     <span class='ocr_line' id='line_1_21' title="bbox 321 2175 992 2252; baseline -0.001 -18"><span class='ocrx_word' id='word_1_117' title='bbox 321 2175 460 2235; x_wconf 85' lang='lat' dir='ltr'>adsciscit.</span> <span class='ocrx_word' id='word_1_118' title='bbox 482 2175 527 2234; x_wconf 82' lang='lat' dir='ltr'>Ilii</span> <span class='ocrx_word' id='word_1_119' title='bbox 540 2175 679 2249; x_wconf 91' lang='lat' dir='ltr'>promtius</span> <span class='ocrx_word' id='word_1_120' title='bbox 698 2177 820 2244; x_wconf 86' lang='lat' dir='ltr'>adeunt,</span> <span class='ocrx_word' id='word_1_121' title='bbox 836 2196 923 2252; x_wconf 89' lang='lat' dir='ltr'>quam</span> <span class='ocrx_word' id='word_1_122' title='bbox 942 2193 992 2233; x_wconf 87' lang='lat' dir='ltr'>ro·</span> 
     </span>
    </p>

    <p class='ocr_par' dir='ltr' id='par_1_7' title="bbox 318 2250 993 2491">
     <span class='ocr_line' id='line_1_22' title="bbox 320 2250 992 2335; baseline 0.003 -24"><span class='ocrx_word' id='word_1_123' title='bbox 320 2254 478 2335; x_wconf 78' lang='lat' dir='ltr'>gabantur3</span> <span class='ocrx_word' id='word_1_124' title='bbox 497 2253 680 2329; x_wconf 88' lang='lat' dir='ltr'>assumtisque</span> <span class='ocrx_word' id='word_1_125' title='bbox 691 2271 759 2314; x_wconf 83' lang='lat' dir='ltr'>orto</span> <span class='ocrx_word' id='word_1_126' title='bbox 773 2252 930 2314; x_wconf 83' lang='lat' dir='ltr'>fortissimis</span> <span class='ocrx_word' id='word_1_127' title='bbox 945 2250 992 2322; x_wconf 83' lang='lat' dir='ltr'>iu·</span> 
     </span>
     <span class='ocr_line' id='line_1_23' title="bbox 318 2331 993 2408; baseline -0.004 -14"><span class='ocrx_word' id='word_1_128' title='bbox 318 2332 462 2399; x_wconf 81' lang='lat' dir='ltr'>venibus,</span> <span class='ocrx_word' id='word_1_129' title='bbox 486 2333 574 2391; x_wconf 87' lang='lat' dir='ltr'>talem</span> <span class='ocrx_word' id='word_1_130' title='bbox 594 2332 694 2393; x_wconf 90' lang='lat' dir='ltr'>dolum</span> <span class='ocrx_word' id='word_1_131' title='bbox 713 2332 871 2393; x_wconf 89' lang='lat' dir='ltr'>intendunt.</span> <span class='ocrx_word' id='word_1_132' title='bbox 892 2331 993 2408; x_wconf 60' lang='lat' dir='ltr'>spira·</span> 
     </span>
     <span class='ocr_line' id='line_1_24' title="bbox 319 2410 990 2491; baseline -0.006 -18"><span class='ocrx_word' id='word_1_133' title='bbox 319 2410 990 2491; x_wconf 84' lang='lat' dir='ltr'>menespetgitadBessum,etremotisatbitris,</span> 
     </span>
    </p>

    <p class='ocr_par' dir='ltr' id='par_1_8' title="bbox 316 2486 992 2729">
     <span class='ocr_line' id='line_1_25' title="bbox 317 2486 992 2571; baseline -0.006 -20"><span class='ocrx_word' id='word_1_134' title='bbox 317 2490 504 2571; x_wconf 82' lang='lat' dir='ltr'>comperisse,</span> <span class='ocrx_word' id='word_1_135' title='bbox 518 2490 558 2550; x_wconf 88' lang='lat' dir='ltr'>air</span> <span class='ocrx_word' id='word_1_136' title='bbox 567 2529 578 2560; x_wconf 95' lang='lat'>,</span> <span class='ocrx_word' id='word_1_137' title='bbox 588 2510 638 2560; x_wconf 82' lang='lat' dir='ltr'>se,</span> <span class='ocrx_word' id='word_1_138' title='bbox 652 2489 782 2550; x_wconf 81' lang='lat' dir='ltr'>insidiari</span> <span class='ocrx_word' id='word_1_139' title='bbox 793 2490 819 2550; x_wconf 82' lang='lat' dir='ltr'>ei</span> <span class='ocrx_word' id='word_1_140' title='bbox 830 2486 992 2571; x_wconf 80' lang='lat' dir='ltr'>Datapher·</span> 
     </span>
     <span class='ocr_line' id='line_1_26' title="bbox 316 2566 990 2648; baseline 0.001 -17"><span class='ocrx_word' id='word_1_141' title='bbox 316 2590 373 2631; x_wconf 83' lang='lat' dir='ltr'>nen</span> <span class='ocrx_word' id='word_1_142' title='bbox 390 2586 416 2629; x_wconf 87' lang='lat' dir='ltr'>et</span> <span class='ocrx_word' id='word_1_143' title='bbox 428 2566 553 2630; x_wconf 78' lang='lat' dir='ltr'>Catanen</span> <span class='ocrx_word' id='word_1_144' title='bbox 565 2588 587 2648; x_wconf 54' lang='grc' dir='ltr'>,ᾗ</span> <span class='ocrx_word' id='word_1_145' title='bbox 601 2587 631 2629; x_wconf 84' lang='lat' dir='ltr'>ut</span> <span class='ocrx_word' id='word_1_146' title='bbox 645 2570 738 2631; x_wconf 78' lang='lat' dir='ltr'>vivum</span> <span class='ocrx_word' id='word_1_147' title='bbox 748 2567 911 2631; x_wconf 75' lang='lat' dir='ltr'>Alexandro</span> <span class='ocrx_word' id='word_1_148' title='bbox 928 2585 990 2632; x_wconf 70' lang='lat' dir='ltr'>tra-t</span> 
     </span>
     <span class='ocr_line' id='line_1_27' title="bbox 317 2646 986 2729; baseline -0.001 -21"><span class='ocrx_word' id='word_1_149' title='bbox 317 2646 415 2708; x_wconf 75' lang='lat' dir='ltr'>tierent</span> <span class='ocrx_word' id='word_1_150' title='bbox 425 2647 587 2727; x_wconf 84' lang='lat' dir='ltr'>agitantes,</span> <span class='ocrx_word' id='word_1_151' title='bbox 604 2670 621 2708; x_wconf 84' lang='lat' dir='ltr'>a</span> <span class='ocrx_word' id='word_1_152' title='bbox 638 2666 726 2710; x_wconf 84' lang='lat' dir='ltr'>semet</span> <span class='ocrx_word' id='word_1_153' title='bbox 741 2666 885 2729; x_wconf 75' lang='lat' dir='ltr'>occupatos</span> <span class='ocrx_word' id='word_1_154' title='bbox 902 2666 986 2715; x_wconf 84' lang='lat' dir='ltr'>esse,</span> 
     </span>
    </p>

    <p class='ocr_par' dir='ltr' id='par_1_9' title="bbox 313 2726 1022 3058">
     <span class='ocr_line' id='line_1_28' title="bbox 318 2726 989 2797; baseline 0 -9"><span class='ocrx_word' id='word_1_155' title='bbox 318 2744 347 2788; x_wconf 86' lang='lat' dir='ltr'>et</span> <span class='ocrx_word' id='word_1_156' title='bbox 364 2726 472 2787; x_wconf 84' lang='lat' dir='ltr'>vinctos</span> <span class='ocrx_word' id='word_1_157' title='bbox 489 2728 587 2789; x_wconf 87' lang='lat' dir='ltr'>teneri.</span> <span class='ocrx_word' id='word_1_158' title='bbox 599 2730 696 2790; x_wconf 84' lang='lat' dir='ltr'>Bessus</span> <span class='ocrx_word' id='word_1_159' title='bbox 713 2747 794 2790; x_wconf 88' lang='lat' dir='ltr'>tanto</span> <span class='ocrx_word' id='word_1_160' title='bbox 811 2727 936 2797; x_wconf 88' lang='lat' dir='ltr'>merito,</span> <span class='ocrx_word' id='word_1_161' title='bbox 954 2741 989 2788; x_wconf 82' lang='lat' dir='ltr'>ut</span> 
     </span>
     <span class='ocr_line' id='line_1_29' title="bbox 316 2804 989 2944; baseline -0.007 -76"><span class='ocrx_word' id='word_1_162' title='bbox 316 2807 470 2875; x_wconf 86' lang='lat' dir='ltr'>credebat,</span> <span class='ocrx_word' id='word_1_163' title='bbox 489 2805 650 2887; x_wconf 86' lang='lat' dir='ltr'>obligatus,</span> <span class='ocrx_word' id='word_1_164' title='bbox 668 2809 771 2886; x_wconf 90' lang='lat' dir='ltr'>partim</span> <span class='ocrx_word' id='word_1_165' title='bbox 786 2808 888 2890; x_wconf 89' lang='lat' dir='ltr'>gratias</span> <span class='ocrx_word' id='word_1_166' title='bbox 904 2804 989 2944; x_wconf 62' lang='lat' dir='ltr'>agit,</span> 
     </span>
     <span class='ocr_line' id='line_1_30' title="bbox 315 2882 988 2966; baseline -0.004 -20"><span class='ocrx_word' id='word_1_167' title='bbox 315 2886 420 2965; x_wconf 86' lang='lat' dir='ltr'>partim</span> <span class='ocrx_word' id='word_1_168' title='bbox 444 2886 541 2946; x_wconf 88' lang='lat' dir='ltr'>avidus</span> <span class='ocrx_word' id='word_1_169' title='bbox 568 2888 700 2965; x_wconf 90' lang='lat' dir='ltr'>explendi</span> <span class='ocrx_word' id='word_1_170' title='bbox 729 2886 859 2966; x_wconf 87' lang='lat' dir='ltr'>supplicii</span> <span class='ocrx_word' id='word_1_171' title='bbox 884 2882 920 2945; x_wconf 80' lang='lat' dir='ltr'>ad</span> <span class='ocrx_word' id='word_1_172' title='bbox 939 2897 988 2960; x_wconf 62' lang='lat' dir='ltr'>ute</span> 
     </span>
     <span class='ocr_line' id='line_1_31' title="bbox 313 2965 1022 3058; baseline 0.003 -26"><span class='ocrx_word' id='word_1_173' title='bbox 313 2965 521 3048; x_wconf 66' lang='lat' dir='ltr'>tosjubmlffi</span> <span class='ocrx_word' id='word_1_174' title='bbox 530 2966 989 3058; x_wconf 65' lang='lat' dir='ltr'>manibussuaspontereligatias·</span> <span class='ocrx_word' id='word_1_175' title='bbox 1019 3007 1022 3014; x_wconf 90' lang='lat'>·</span> 
     </span>
    </p>
   </div>
   <div class='ocr_carea' id='block_1_4' title="bbox 0 0 1318 4017">
    <p class='ocr_par' dir='ltr' id='par_1_10' title="bbox 0 0 1318 4017">
     <span class='ocr_line' id='line_1_32' title="bbox 0 0 1318 4017; baseline 0 7"><span class='ocrx_word' id='word_1_176' title='bbox 0 0 1318 4017; x_wconf 95' lang='lat' dir='ltr'> </span> 
     </span>
    </p>
   </div>
  </div>
 </body>
</html>
