2625 4017
392 550 442 594 290
523 531 623 586 ion.
659 530 961 592 FREINSHEMII

395 624 440 675 des
456 622 485 673 ad
501 624 579 673 Issum
594 626 604 681 (
619 634 675 667 nam
690 633 718 667 ea
732 615 899 668 intervenerat
914 624 925 681 )
940 618 1004 670 adeo
1018 635 1070 672 non

394 688 584 768 interpellavit,
597 702 625 737 ut
633 684 708 736 etiam
719 683 849 746 adiuverit.
863 683 962 750 Quippe
971 687 1071 753 fugien-

394 755 447 811 'tem
461 770 584 809 insecutus
594 753 736 805 Alexander
745 752 771 801 in
779 751 914 818 longinqua
924 756 979 804 loca
990 756 1069 823 magis

366 835 372 841 '
394 826 521 906 magisque
537 821 678 888 rapiebatur
687 840 698 884 ,·
718 835 744 871 et
759 837 789 870 ex
804 818 859 883 ipso
876 822 959 884 prelio
975 840 1070 875 meree·

395 911 518 945 narrorum
532 883 767 957 ingens'multitu'do
783 885 808 936 in
818 888 938 939 Graeclam
953 894 1009 957 fuga
1026 909 1070 957 pe.

395 975 554 1020 neeeaveratt
570 974 674 1023 quotum
691 970 751 1007 octo
766 955 845 1006 millia
855 956 950 1007 Persica
966 961 1069 1023 pecunia

387 1028 516 1082 eonduxit
529 1024 614 1092 Agis,
631 1039 764 1089 eorumque
777 1039 852 1088 opera
866 1025 992 1089 plerasque
1008 1030 1070 1078 Gre-

394 1097 500 1154 tensium
517 1096 588 1148 urbes
600 1090 707 1157 recepit.
722 1096 784 1143 Cum
796 1089 911 1155 deinceps
930 1096 1021 1143 Menon
1043 1094 1069 1146 in

393 1164 524 1217 Thraciam
538 1163 568 1212 ab
576 1161 720 1211 Alexandro
733 1157 838 1217 missus,
852 1158 969 1210 barbaros
984 1162 1012 1211 ad
1027 1163 1071 1211 de·

393 1233 529 1286 sectionem
538 1228 677 1294 impulisset
686 1245 694 1287 ς
709 1229 786 1291 adque
796 1242 848 1275 earn
858 1226 1069 1291 comprimendam

391 1294 530 1366 Antipater
541 1295 676 1347 exereitum
694 1310 723 1345 ex
738 1294 884 1343 Macedonia
898 1294 923 1344 in
937 1297 1069 1348 Thraciam

393 1370 522 1425 duxisset,
537 1362 724 1428 opportunitate
737 1361 858 1425 temporis
866 1378 964 1413 strenue
977 1362 1013 1414 usi
1023 1368 1071 1415 La-

391 1432 540 1487 kedamonii
552 1445 630 1481 totam
640 1432 838 1494 Peloponnesum
848 1467 859 1490 ‚-
873 1431 956 1493 paucis
969 1431 1070 1484 urbibus

390 1500 522 1568 eneeptis,
538 1497 564 1548 in
573 1512 654 1563 partes
668 1510 808 1557 traxerunt,
823 1500 986 1562 confectoque
1000 1515 1070 1549 exer·

393 1570 448 1624 tien
458 1566 549 1636 viginti
558 1565 665 1617 millium
679 1564 808 1630 peditum,
824 1580 878 1615 cum
893 1564 1017 1630 equitibus
1031 1566 1070 1618 bie

394 1638 485 1696 mille,
505 1633 584 1703 Agidi
598 1650 716 1684 summam
734 1630 831 1695 imperii
846 1634 996 1683 detulerunt.
1014 1635 1071 1684 An·

395 1706 523 1772 eipaterea
534 1718 561 1753 re
570 1716 697 1766 comperta
707 1701 798 1751 bellum
810 1698 834 1748 in
842 1699 964 1760 Thracia,
980 1701 1070 1767 quibus

394 1789 481 1841 potest
502 1768 689 1821 conditionibus
713 1766 860 1831 componit;
883 1768 1020 1834 raptimque
1043 1769 1070 1820 in

395 1840 518 1893 Graeeiarn
530 1853 670 1905 regressus,
688 1836 718 1885 ab
728 1833 811 1885 amieis
824 1833 947 1900 sociisque
959 1836 1071 1887 civitati.

393 1904 541 1959 &nantilla
554 1904 645 1970 cogit3
657 1901 745 1969 quibus
754 1902 958 1953 convenientibus
967 1905 996 1953 ad
1011 1920 1069 1969 qua.

394 1972 510 2044 draginta
517 1986 684 2091 pugnatorum
694 1970 772 2020 miliia
783 1970 913 2020 recensuit.
923 1971 1070 2023 Advenerat

395 2037 756 2106 et1exbl>eoponnesovalida
770 2053 854 2088 manue
869 2056 877 2089 e
893 2040 936 2089 sed
950 2038 1007 2103 quia
1023 2040 1069 2089 du-

393 2110 462 2176 biem
474 2109 587 2175 ipsorum
602 2106 675 2157 fidem
685 2104 836 2165 resciverat,
848 2104 999 2156 dissimulata
1016 2124 1071 2157 sue·

392 2178 497 2247 pieione
506 2174 598 2243 gratiae
611 2173 683 2240 egit,
697 2175 757 2236 quod
765 2175 795 2224 ad
804 2175 971 2239 defendendam
979 2178 1067 2226 adver·

395 2266 439 2299 eut
455 2245 645 2297 Lacedaemonios
661 2241 797 2293 Alexandri
811 2242 955 2309 dignitatem
970 2245 1068 2308 adfuis-

394 2326 450 2369 sent
466 2334 477 2376 ,·
494 2313 643 2380 scripturum
656 2326 680 2361 se
694 2310 718 2359 id
734 2310 786 2376 regi
798 2312 908 2377 gratiam
923 2312 948 2360 in
963 2327 1069 2377 tempore

395 2384 517 2435 relaturo.
531 2380 559 2429 ln
566 2377 739 2446 praeseusnilil
754 2393 810 2443 opus
823 2393 870 2429 erse
883 2379 1013 2442 majoribus
1026 2394 1069 2429 co⁴

393 2444 445 2521 'piis
457 2469 466 2497 .·
478 2449 557 2511 itaque
574 2446 655 2496 domos
673 2443 796 2500 redirent,
809 2444 912 2508 faederis
928 2446 1068 2499 necessitate

394 2514 497 2584 eeplet'a.
513 2511 623 2562 Nuntios
636 2509 725 2560 deinde
741 2510 770 2558 ad
785 2510 951 2569 Alexandrum
969 2510 1066 2577 mittit,

394 2584 429 2634 de
444 2594 515 2632 motu
529 2574 777 2630 erecto-certiorem
792 2580 910 2629 facturos.
927 2580 1011 2643 Atque
1026 2578 1066 2630 illi

441 2660 480 2700 em
495 2648 559 2712 apud
570 2648 658 2697 Baetra
671 2646 768 2694 demum
781 2644 907 2697 toneeeuti
920 2660 993 2700 nunes
1010 2662 1066 2699 cum

392 2659 496 2785 tam
512 2712 639 2778 Antipatri
658 2710 783 2770 victoria,
805 2728 831 2763 et
852 2730 916 2765 nece·
926 2712 1019 2778 Agidis
1040 2716 1067 2767 in

392 2781 506 2839 Arcadia
522 2795 672 2833 mansaetem
689 2794 761 2830 esset.
776 2784 836 2831 Sane
852 2785 899 2843 jam
913 2781 1010 2846 pridem
1027 2797 1068 2833 tu·

392 2853 476 2905 attritu
494 2847 733 2900 lacedemoniorum
752 2850 872 2913 cognito,
891 2863 1006 2915 quantum
1025 2863 1068 2902 tot

392 2934 515 2971 terrarum
533 2916 621 2981 spatiis
639 2914 760 2965 discretus
780 2916 882 2978 potuit,
903 2916 1066 2980 providerat:

386 2987 579 3066 ‘alapheeetuiu
597 3000 652 3041 caure
669 2984 765 3053 Cypriis
780 3001 804 3040 er
819 2987 948 3039 Phoeniciis
963 2985 1065 3041 navibus
