2625 4017
402 553 461 596 210
583 530 626 612 Q.
668 530 906 593 cunuti

400 629 597 713 quamprimum
618 631 794 692 dimittantur
814 631 850 691 ad
869 649 962 709 regent
982 655 991 690 .·
1013 650 1075 693 eum

401 731 504 791 quoque
515 709 614 771 beilum
624 731 721 792 parare
740 708 850 775 debere.
868 709 987 770 Dimissi
998 731 1074 772 nun-

403 792 496 860 tiant,
522 788 622 850 adesse
636 808 785 851 certamen.

443 868 531 929 Cra.
546 868 629 929 XII.
641 870 695 928 llle
707 868 821 946 quidem
838 866 990 929 confestim
1006 867 1074 930 Ma·

402 970 495 1011 zeum
517 970 585 1009 curn
604 949 691 1008 tribus
718 947 843 1008 millibus
864 948 1015 1025 equitum,
1041 948 1077 1010 ad

404 1028 506 1089 itinera
517 1050 608 1105 ,quae
624 1026 712 1087 hostis
731 1027 866 1103 petiturus
883 1044 965 1095 erat,
983 1048 1075 1088 occu-

404 1107 496 1187 panda
510 1107 655 1184 praemisit.
667 1106 851 1174 Alexander,
871 1105 986 1183 corpori
1001 1127 1076 1167 uxo-

405 1189 442 1249 ris
453 1187 512 1264 ejus
525 1186 601 1263 justis
610 1185 779 1265 persolutis,
796 1186 932 1262 omnique
942 1186 1076 1264 graviore

407 1267 545 1329 comitatu
555 1266 626 1325 intra
638 1266 737 1326 eadem
747 1264 925 1325 munimenta
935 1286 1002 1324 curn
1012 1287 1079 1325 mo·

407 1347 471 1407 dico
483 1345 607 1422 praesidio
620 1344 741 1412 relicto,
752 1344 786 1404 ad
796 1342 909 1404 hostem
919 1345 1077 1406 contendit.

407 1427 440 1485 In
452 1426 508 1485 duo
519 1445 627 1484 cornua
637 1424 770 1484 diviserat
777 1422 917 1500 peditem3
927 1422 957 1481 in
969 1441 1079 1485 utrum·

407 1525 461 1581 que
473 1506 545 1563 latus
557 1504 649 1580 equite
664 1503 839 1564 circumdato
852 1526 861 1563 ε
874 1502 1078 1579 impedimenta

408 1585 595 1659 sequebantur
625 1602 741 1663 agmen.
770 1581 948 1642 Praemissum
979 1582 1080 1643 deinde

408 1663 527 1723 concitis
539 1661 677 1739 equitibus
688 1660 822 1721 Menidan
833 1661 912 1740 jubet
921 1659 1079 1739 explorare,

409 1740 454 1800 uli
472 1739 582 1802 Darius
606 1758 691 1804 esset.
709 1741 750 1800 At
770 1740 842 1810 ille,
865 1760 932 1800 curn
954 1741 1080 1800 Mazaeus

409 1818 483 1881 liaud
500 1820 601 1896 procul
616 1819 808 1888 consedisset,
828 1838 888 1879 non
907 1840 989 1881 ausus
1005 1821 1080 1879 ultra

408 1900 583 1977 procedere;
609 1898 682 1958 nihil
705 1898 806 1967 aliud,
832 1919 917 1975 quam
932 1896 1080 1974 fremitum

410 1977 548 2037 hominurn
571 1976 760 2056 hinnitumque
783 1996 908 2056 equorum
930 1975 1080 2038 exaudisse

409 2057 529 2117 nuntiat.
545 2058 669 2117 Mazaeus
682 2077 817 2135 quoque,
837 2057 994 2134 conspectis
1008 2077 1080 2132 pto·

411 2137 465 2197 cul·
478 2137 726 2214 exploratoribus,
749 2138 781 2195 in
800 2153 889 2195 castra
907 2157 936 2197 se
955 2136 1055 2213 recipit
1070 2156 1082 2207 3

410 2215 545 2278 adrentus
562 2215 688 2276 hostium
703 2215 827 2279 nuntius.
845 2213 934 2292 Igitur
949 2214 1053 2276 Darius
1071 2254 1082 2283 ‚

410 2294 459 2373 qui
470 2297 498 2353 in
507 2296 666 2381 patentibus
675 2295 783 2372 campis
792 2295 941 2354 decernere
952 2297 1080 2371 optabam

411 2392 511 2433 armari
530 2372 646 2433 militem
663 2374 759 2453 jubet,
783 2374 930 2449 aciemque
946 2373 1081 2452 disponit.

410 2453 445 2511 In
467 2454 541 2513 lavo
563 2473 653 2513 cornu
677 2453 817 2513 Bactriani
843 2452 920 2512 ibant
943 2453 1082 2530 equites,

411 2531 493 2591 mille
505 2531 659 2591 admodum
672 2552 683 2603 ς
703 2530 794 2592 Dahae
810 2530 929 2593 totidem
941 2555 951 2591 z
964 2549 992 2592 et
1008 2532 1084 2593 Ara·

411 2609 501 2671 chosii
521 2611 649 2687 Susiique
667 2628 787 2687 quatuor
806 2610 898 2671 millia
917 2611 1083 2688 explebantt

412 2689 477 2749 Hos
490 2689 693 2769 quinquaginta
704 2688 799 2749 falcati
817 2710 913 2751 curtus
929 2693 1086 2766 sequeban-

411 2786 471 2829 tur.
481 2768 630 2828 Proximus
648 2768 788 2847 quadrigis
804 2786 864 2828 arat
875 2771 994 2836 Bessus,
1015 2788 1086 2832 curru

412 2865 481 2907 octo
507 2848 632 2906 millibus
662 2846 790 2922 equitum
818 2848 887 2909 item
916 2844 1088 2918 Bactrianis}

410 2926 578 3012 Massageta
599 2925 708 2990 duobus
735 2926 861 2990 millibus
886 2944 991 3008 agmen
1020 2925 1084 3007 ejus
