2625 4017
410 581 470 643 230
589 552 633 635 Q.
677 553 915 618 CURTll

408 680 464 740 pro
486 653 590 719 solatio
613 653 772 734 petiverat,
792 676 928 734 perosus3
951 652 1082 717 Bubacen

409 737 504 801 uocari
519 738 606 813 jubet.
620 734 722 812 Quem
733 735 868 804 inurens,
883 732 947 804 lte,
967 736 1080 812 inquit„

409 814 547 878 consulite
565 812 667 881 uobis,
691 812 728 873 ad
743 812 867 874 ultimum
886 812 947 893 regi
965 832 1081 884 uestro,

410 914 442 956 ut
458 892 572 954 decebat
585 935 596 961 ,
605 890 670 971 fide
687 890 822 955 exhibita.
842 889 905 972 Ego
924 891 970 953 bic
990 890 1081 973 legem

401 973 464 1054 sati
485 972 538 1032 mei
557 989 682 1050 expecto.
706 968 836 1031 Forsitan
856 971 987 1041 mireris,
1009 969 1081 1050 quoti

409 1054 496 1117 uitam
510 1071 567 1111 nou
578 1048 711 1130 finiam?
735 1048 827 1110 alieno
850 1049 954 1110 scelere
965 1091 976 1120 ,
1000 1070 1080 1129 quam

409 1152 470 1193 meo
487 1130 557 1190 mori
580 1127 663 1192 malo.
684 1128 752 1189 Post
771 1128 845 1190 hanc
868 1150 970 1191 vocent
991 1130 1079 1207 spado

408 1212 517 1294 gemitu
526 1230 584 1270 non
592 1209 682 1269 tnodo
691 1210 905 1269 tabernaculum
913 1229 924 1279 3
933 1208 979 1268 sed
990 1211 1080 1271 etiarn

407 1297 499 1353 castt‘a
509 1287 677 1366 complevit.
694 1287 822 1364 lrrupere
832 1287 932 1349 deinde
943 1289 1012 1359 alii,
1030 1290 1079 1351 lt·

407 1370 563 1444 ceratisque
581 1368 702 1428 vestibus
712 1366 823 1446 lugubri
839 1386 868 1427 et
879 1370 998 1427 barbaro
1009 1369 1078 1429 ulu-

407 1449 469 1510 latu
480 1466 577 1528 regern
587 1447 734 1523 deplorare
744 1465 899 1521 coeperunt.
914 1447 1022 1517 Persae,
1043 1444 1079 1507 ad

407 1529 475 1593 illos
487 1529 614 1587 clamore
624 1525 754 1601 perlato,
775 1524 888 1585 attoniti
901 1544 1001 1594 metu,
1023 1542 1085 1587 nee·

407 1603 487 1671 armi
498 1625 621 1682 capere,
638 1624 677 1663 ne
688 1604 890 1665 in·Bactrian0s
899 1605 1055 1665 inciderent
1065 1626 1077 1677 ς

407 1706 463 1750 nec
473 1687 616 1763 quiescere
629 1682 788 1752 audebant,
802 1703 840 1742 ne
850 1686 938 1762 impie
950 1686 1077 1745 deserete

406 1786 506 1846 regem
520 1765 690 1825 viderentur.
710 1760 814 1823 Varius
827 1785 861 1824 ac
877 1764 1003 1823 dissonus
1018 1766 1079 1825 cla-

406 1865 475 1908 mor
489 1844 548 1903 sine
563 1842 635 1902 duce
649 1862 684 1901 ac
695 1840 755 1901 sine
771 1842 893 1918 imperio
904 1843 970 1903 totis
981 1843 1078 1904 castris

404 1925 588 1988 referebatur.
603 1922 690 1981 Besso
705 1938 734 1979 et
750 1919 913 1982 Nabarzani
930 1923 1079 1985 nuntiave-

406 2021 471 2067 rant
478 2002 531 2069 sui,
539 2019 631 2079 regem
641 1997 813 2078 aremttipru
822 2000 993 2062 interemtum
1002 2013 1081 2067 esse.

406 2083 539 2146 Planctus
555 2099 605 2140 eos
616 2079 775 2155 deceperat.
788 2080 885 2157 ltaque
895 2081 986 2141 citatis
997 2082 1096 2159 equis·

404 2162 564 2229 advolant,
583 2159 785 2234 sequentibus,
806 2180 878 2236 quos
892 2160 928 2222 'ad
944 2161 1081 2220 ministe-

405 2245 480 2307 rium
490 2238 601 2299 sceleris
613 2238 775 2325 delegerant
791 2261 800 2298 t
818 2256 848 2298 et
862 2260 929 2300 curn
941 2242 1077 2302 taberna·

404 2324 502 2386 culum
519 2320 687 2385 intrassent.
707 2334 772 2393 puta
788 2336 881 2395 regem
898 2319 991 2381 rivere
1009 2340 1077 2397 spa-

404 2404 494 2465 dones
509 2396 692 2463 indicabam,
712 2394 903 2474 comprehendi
922 2397 1078 2478 vincirique

408 2482 555 2544 ‘ussenmn
566 2474 630 2534 Rex
643 2494 725 2535 curru
736 2476 823 2550 paulo
834 2494 898 2538 ante
910 2497 1027 2548 vectus,
1047 2493 1078 2541 et

404 2504 536 2625 beorum
547 2574 564 2614 a
577 2551 632 2614 suis
642 2552 797 2614 honoribus
808 2557 920 2625 cultus,
933 2559 1012 2623 nulla
1024 2579 1077 2625 etu-

403 2657 483 2704 terna
492 2654 551 2712 ope
563 2634 678 2693 admota
691 2670 701 2701 ‚
712 2653 745 2694 ea
767 2633 840 2694 tivus
850 2655 997 2697 servorum
1009 2658 1077 2699 suo·

403 2741 491 2788 rum,
507 2715 538 2781 in
551 2712 695 2774 sordidum
710 2652 873 2775 veiiculun
890 2716 1078 2791 pellibus-un·

404 2800 489 2877 dique
496 2809 665 2863 ¹contectum
676 2791 843 2867 imponitur.
856 2792 978 2854 Pecunia
989 2795 1076 2876 regis,

404 2896 437 2940 et
456 2874 610 2953 supellex,
636 2868 715 2947 quasi
738 2870 799 2947 jure
822 2872 890 2931 belli
914 2872 1076 2953 diripitur,

402 2948 668 3034 mambrem,
682 2968 733 3030 pet
740 2950 972 3018 scelusultitnum
975 2970 1074 3031 partas

976 3048 1078 3133 lugam
