2625 4017
376 555 441 638 ψ·
560 548 605 631 Q.
646 548 886 614 constr

376 653 477 718 ribus?
491 650 627 721 Fallitur,
642 651 687 729 qui
700 650 941 730 terminasgdoriae
951 666 1058 715 nostrus

378 734 492 795 metitur
503 733 609 812 spatio,
621 729 691 809 quod
702 730 847 790 transituri
856 751 962 793 sutnus.
973 732 1058 793 Unus

379 813 471 873 atnnis
493 810 652 891 interfluit,
675 830 752 886 quern
772 808 798 868 si
821 810 1000 889 trajicimus,
1024 811 1058 873 in

379 889 518 967 Europam
535 911 610 950 atrna
626 886 798 965 proferimus.
814 886 853 947 Er
866 889 960 966 quanti
974 890 1059 949 aesti·

379 970 508 1032 ntandurn
533 988 599 1042 esr;
621 968 684 1027 durn
703 965 802 1026 Asiam
822 967 1000 1047 subigimus,
1024 967 1058 1031 in

350 1049 352 1053 ’
379 1050 436 1112 aiio
455 1047 647 1128 quodammodo
663 1045 724 1105 orbe
743 1062 842 1124 tropaea
859 1064 1007 1108 statuere:
1030 1067 1060 1110 et

379 1150 440 1209 qua
453 1147 507 1188 torn
519 1128 599 1207 longo
615 1123 759 1185 interuallo
776 1144 875 1185 natura
886 1126 998 1186 viderur
1011 1126 1060 1187 di·

380 1208 520 1275 remisse,
542 1228 597 1265 una
614 1204 732 1265 victoria
750 1203 839 1262 subito
856 1205 1057 1269 carnrnittere?

380 1286 421 1347 Ar
438 1285 546 1345 hercule
565 1284 590 1345 si
608 1281 750 1364 paululum
773 1284 973 1343 cessaverimus
990 1305 1003 1356 ;
1026 1285 1060 1346 in

381 1366 469 1444 tergis
491 1364 595 1424 nostris
618 1360 728 1441 Scythae
755 1360 908 1422 haerebunt.
931 1363 978 1423 An
1001 1363 1060 1424 sodi

381 1463 502 1514 sumus,
523 1445 568 1521 aui
578 1441 701 1522 flumina
720 1458 865 1501 transnare
880 1446 1060 1520 possumus?

381 1522 478 1586 Multa
491 1525 521 1581 in
537 1520 719 1599 nosmetipsos
730 1519 873 1594 reciderat,
888 1519 986 1597 quibus
1000 1519 1059 1582 ad-

382 1600 435 1664 huc
446 1600 572 1662 uicimus.
583 1597 706 1659 Fortuna
717 1596 781 1658 betti
793 1617 877 1658 arcern
888 1598 978 1659 uictos
989 1620 1060 1679 quo-

382 1702 434 1761 que
445 1680 535 1743 docet.
552 1678 667 1741 Utribus
677 1699 783 1737 arnnern
792 1677 950 1737 traiciendi
960 1699 1061 1740 estern-

381 1760 456 1841 plurn
463 1758 585 1835 fecimus
601 1778 694 1837 nuper.
710 1756 770 1816 Hoc
786 1776 814 1816 ut
825 1700 933 1837 icytitae
949 1757 1061 1819 imitari

384 1840 545 1907 nesciant,
572 1835 717 1897 Bactriani
744 1834 887 1898 docebunt.
914 1834 1061 1899 Praeterea

382 1937 454 1978 unus
472 1915 567 1997 gentis
583 1915 662 1994 hujus
679 1912 766 1974 adduc
789 1915 928 1975 exercitus
951 1916 1061 1988 uenit,

384 1997 471 2057 ceteri
486 2013 690 2077 exspectantur·
706 1991 749 2053 Ita
759 1991 857 2053 bellurn
869 1994 982 2055 vitando
998 1995 1063 2056 ale·

384 2095 445 2136 snus
463 2096 475 2147 ;
496 2073 606 2152 ecquod
627 2072 729 2149 inferre
742 2093 884 2153 possernus
902 2113 911 2143 ,
931 2074 1063 2154 accipere

383 2174 521 2233 cogemur.
536 2152 695 2229 Manifesta
711 2171 753 2211 est
768 2151 880 2212 consilii
896 2152 950 2212 mei
973 2154 1062 2219 ratio.

383 2231 442 2294 Sed
461 2256 495 2293 arr
512 2232 672 2313 permissuri
692 2230 750 2290 sint
773 2230 943 2291 Macedones
963 2232 1061 2295 anirno

384 2312 425 2373 uti
445 2334 522 2384 meo,
544 2310 662 2383 dubiro;
681 2310 745 2388 quia
768 2331 803 2370 eu
822 2330 872 2389 quo
888 2309 938 2370 hoc
956 2310 1061 2376 vulnus

383 2391 500 2472 accepi,
517 2412 570 2452 non
585 2411 650 2467 equo
664 2408 758 2451 uectus
772 2411 852 2458 sunt,
872 2410 926 2449 non
937 2389 1061 2470 pedibus
1076 2433 1078 2438 -

383 2470 538 2551 ingressus.
556 2467 612 2530 Sed
629 2469 655 2529 si
671 2490 712 2528 rne
730 2469 805 2545 senui
823 2468 930 2537 uultis,
954 2468 1034 2530 valeo
1045 2512 1060 2543 ,

339 2604 344 2613 .
384 2550 480 2612 amici.
496 2548 575 2610 Satis
594 2548 693 2609 uirium
710 2566 752 2607 est
771 2546 806 2606 ad
822 2546 1061 2615 tolerandaista.

384 2626 442 2690 Aut
460 2627 486 2687 si
501 2630 561 2707 jorn
576 2626 657 2687 adest
671 2628 737 2687 vitre
754 2646 820 2686 mea
833 2624 932 2705 finis,
956 2625 987 2687 r'n
1003 2648 1059 2707 quo

383 2706 495 2768 tandem
503 2727 583 2788 opere
592 2705 690 2767 melius
699 2705 866 2785 extinguar?
877 2705 947 2766 Haec
955 2727 1061 2784 quassa

383 2786 475 2849 adhuc
485 2808 558 2849 voce
569 2786 751 2846 subdeficiens
762 2824 772 2853 ‚
791 2786 839 2847 vix
850 2785 989 2861 proximis
1001 2808 1060 2849 ex-

369 2869 558 2927 audientibus
582 2865 719 2937 dixerat;
747 2884 812 2925 cum
835 2884 935 2924 omnes
955 2886 972 2925 a
993 2884 1060 2929 tam

378 2946 515 3025 praecipiti
535 2945 657 3010 consilio
677 2964 776 3027 regern
793 2943 931 3008 deterrere
952 2964 1060 3027 coepe:
