2625 4017
317 581 348 641 γι
417 577 445 633 J.
479 582 673 633 FREINSH.
708 579 900 631 SUPPLEM.

316 666 429 734 tringinta
451 666 555 746 quinque
573 667 668 734 equites
692 666 832 718 reciderant
864 666 946 733 igitur
964 678 1000 721 ut

316 737 459 814 ostenderet
477 735 618 785 omnibus
611 752 636 785 tn
653 751 755 800 utraque
771 739 869 785 fortuna
886 736 951 798 apud
969 752 998 786 re

316 801 406 853 uirtuti
414 802 539 870 premium
554 806 625 863 fore3
641 803 784 867 superstites
797 804 922 852 Persarum
932 819 998 866 spo·

315 869 359 919 liis
373 865 453 919 ditat·
464 869 604 920 occisorum
620 886 725 933 corpora
742 886 797 920 cum
814 867 886 919 armis
896 884 998 920 eetero-

316 952 388 1015 que
382 938 450 986 cultu
466 934 594 1003 magnifice
612 938 724 1001 sepelit·
738 937 881 1001 parentibus
904 952 994 987 eorum

315 1003 449 1068 liberisque
463 1004 618 1055 vacationem
639 1020 764 1053 munerum
780 1003 907 1055 concedit.
925 1005 998 1054 Vul-

315 1083 458 1122 neratorum
473 1072 546 1122 etium
561 1088 618 1123 eura
635 1070 764 1121 ambitiose
779 1085 834 1121 aeta
849 1083 911 1134 ese‚·
935 1088 995 1122 eunt

316 1138 370 1203 ipse
382 1154 424 1188 tex
435 1139 549 1189 obeundo
559 1138 668 1189 tentoria
677 1154 702 1189 et
712 1137 867 1202 inspiciendo
879 1136 1001 1215 singulos·

316 1204 514 1256 sollicitudinem
530 1223 597 1257 uttam
613 1221 661 1270 pro
678 1205 881 1272 gregariisetiam
900 1203 996 1255 militi-

317 1274 363 1323 bus
379 1288 530 1333 ostentaret,
547 1290 574 1322 ac
590 1289 690 1340 gravem
709 1274 822 1351 cujusque
837 1289 933 1322 casum
928 1290 998 1323 ··mu

316 1337 443 1390 nifieentia
453 1311 623 1419 laudibusque
643 1354 685 1390 aut
706 1340 834 1403 promissis
856 1340 996 1393 solaretur.

317 1410 379 1469 Quae
394 1407 497 1457 comitas
511 1408 537 1457 in
554 1406 636 1456 omnin
651 1407 767 1473 deinceps
781 1406 890 1471 pericula
904 1405 997 1457 fidissi·

316 1491 372 1524 mos
381 1472 403 1523 ei
412 1474 543 1537 prestitit·
554 1491 598 1523 nec
608 1474 734 1551 quisquam
744 1472 866 1525 recusavit
874 1473 993 1539 spiritum

315 1557 364 1618 pro
374 1556 404 1591 eo
415 1558 472 1608 tege
481 1540 643 1606 profundere,
660 1542 702 1607 qui
711 1558 788 1607 neque
797 1541 878 1592 vitam
890 1558 994 1594 suorum

317 1608 435 1686 inopem,
452 1625 530 1675 neque
544 1624 651 1686 mqttem
665 1609 837 1659 inhonoratam
856 1623 994 1688 pateretur.

315 1674 423 1754 Insignis
440 1691 489 1740 prae
506 1674 594 1727 ceteris
612 1678 692 1726 honor
709 1676 757 1727 fuit
776 1674 994 1755 vigintiquinque

315 1741 426 1810 equitum
442 1760 470 1794 ex
481 1759 559 1795 turma
570 1744 722 1805 amicorum3
738 1760 799 1807 quos
807 1742 890 1807 ptimo
904 1743 993 1795 statim

315 1826 449 1875 congressu
470 1827 499 1861 ex
516 1810 602 1877 iniquo
618 1813 677 1861 loco
700 1825 835 1877 pugnantes
852 1810 993 1862 multitudo

315 1876 443 1928 Persarum
452 1893 615 1942 oppresserat
616 1878 826 1957 '’Namlqsippo,
838 1894 912 1955 aquo
923 1893 992 1939 uuo,

314 1959 434 2023 propter·
434 1944 556 1996 bominis
548 1944 680 2010 peritiam,
697 1945 722 1996 in
731 1962 776 1996 aere
786 1942 845 2009 fingi
857 1947 994 2007 voluerat,

314 2010 471 2075 rmpetavit,
493 2026 521 2063 ut
541 2029 663 2078 equestres
681 2011 741 2078 ipsis
759 2025 850 2062 statuas
869 2014 993 2064 faceret.

313 2095 375 2145 quas
389 2081 452 2143 apud
466 2078 536 2131 Dion
549 2079 700 2130 Macedoniae
715 2078 835 2145 oppidum
849 2080 992 2130 collocatas

314 2160 375 2209 post
389 2146 490 2211 longam
504 2161 598 2197 etatem
607 2146 703 2198 abolito
714 2148 878 2197 Macedonum
891 2162 993 2213 tegno,

315 2213 350 2289 Q
369 2213 486 2263 Metellus
506 2216 611 2272 Romam
627 2214 763 2266 transtulit.
785 2213 895 2264 Primum
919 2214 996 2274 buius

315 2278 428 2331 victorie
444 2280 519 2331 decus
533 2297 608 2346 penes
622 2280 703 2347 ipsum
716 2296 799 2350 regem
815 2280 873 2331 fuit.
897 2278 995 2332 Aeietn

316 2345 594 2411 optimefinsttuxerat,
618 2351 794 2416 observataque
810 2346 862 2399 loci
878 2363 966 2398 natura
982 2381 992 2408 ,

314 2413 432 2482 obliquos
442 2431 486 2480 per
498 2416 590 2467 flumen
605 2411 834 2474 ordinesduretat,
848 2413 995 2476 aestatim,

314 2499 372 2532 eunt
386 2500 415 2533 ex
430 2499 491 2547 aqua
499 2498 660 2546 evastsssent
680 2502 693 2533 a
709 2482 789 2534 Persis
804 2482 1013 2559 invaderenturu'

315 2550 437 2601 Turbatur
447 2549 550 2609 deinde,
567 2566 714 2616 territosque
723 2564 859 2607 exertavrt,
874 2550 992 2602 hortatus

315 2634 345 2668 ut
359 2620 445 2669 saltem
461 2620 530 2670 semel
543 2620 721 2671 adbucstrtnue
733 2619 889 2669 adorirentur
898 2618 990 2669 hostes·

315 2686 403 2748 Neque
424 2683 503 2734 minus
519 2701 590 2735 manu
607 2684 709 2736 fortiter
725 2700 781 2735 usus
797 2698 872 2740 erat,
894 2683 993 2735 multos

314 2751 419 2808 lancea,
434 2751 495 2800 alios
509 2768 565 2803 ense
577 2754 740 2803 confecerat.
755 2748 875 2815 primique
888 2765 917 2799 ex
933 2749 994 2800 hos·

315 2816 383 2865 tibus
396 2820 478 2882 sugant
491 2818 661 2884 arripuerunt,
676 2817 716 2884 qui
727 2816 902 2881 eontraipsum
916 2831 995 2867 eons-

314 2881 428 2946 citerant.
445 2885 583 2937 Consilium
585 2902 694 2963 quoque
702 2884 778 2951 ipsius
789 2882 873 2934 audaci
883 2884 983 2948 specie,

313 2948 372 3072 plur
395 2965 477 3002 tamen
503 2951 605 3003 rationis
612 2970 699 3019 quam
722 2950 868 3004 temeritatis
891 2949 995 3004 babuit.-

337 3020 593 3086 ugnatutosadvetrus
603 3020 822 3081 hostemnottuns
837 3033 992 3086 ww*
