2625 4017
335 547 384 599 IN
420 548 456 608 Q.
493 547 703 598 CURTIUM
737 547 767 600 1.
801 551 823 600 l.
895 566 923 608 ss

253 647 300 683 turn
323 636 466 684 avunculus
485 650 580 698 sponsae
599 636 728 695 Attalus,
748 652 805 700 post
822 638 924 700 longum

253 702 462 764 conpositionem
476 718 545 765 spem
556 702 619 751 male
634 718 737 767 tegens,
754 721 811 754 oren
820 707 856 754 los
869 705 924 752 dlu-

250 770 369 821 telcuilvus
379 770 448 821 Deos
463 771 572 828 diceret,
589 785 617 820 ut
631 788 661 820 esc
673 787 738 821 trouu
751 787 824 836 rruprs
838 771 923 836 legiri-

252 852 307 884 num
321 838 394 909 regui
406 853 566 888 successorem
581 838 707 904 Philippus
722 839 816 890 tolleret
829 857 839 898 ,·
855 837 921 886 Alc·

250 903 332 951 rander
344 919 373 951 ιιι
388 901 454 952 iram
463 901 558 967 alioqui
573 918 699 965 preceps,
717 918 743 955 ct
757 919 816 954 tuuc
831 901 921 960 injuris

249 966 384 1026 irritatior,
406 988 452 1021 nos
471 988 547 1037 ergo,
565 973 681 1030 sceleste,
701 972 777 1037 spurii
791 969 836 1021 ribi
852 971 919 1023 vide·

248 1051 294 1084 mur
305 1037 317 1086 ι’
332 1035 419 1100 inquit
430 1053 438 1086 s
448 1035 523 1085 simul
533 1034 635 1085 calicem
647 1070 654 1092 ‚
674 1051 745 1101 qoem
759 1038 824 1086 forte
834 1037 921 1086 deutra

248 1102 358 1161 tenebit,
377 1101 406 1151 in
422 1120 452 1152 os
463 1100 533 1151 illius
547 1100 672 1168 impegit3
690 1102 734 1154 ille
743 1118 839 1167 quoque
852 1101 918 1150 invi·

248 1184 292 1217 tem
301 1168 419 1228 conjecit
429 1169 563 1233 possulum.
578 1173 673 1220 Etotto
682 1170 809 1227 tumultu,
824 1167 920 1244 Philip·

248 1251 286 1299 pus
298 1236 341 1302 qui
357 1235 385 1286 iu
399 1235 453 1286 alio
466 1237 535 1286 letto
549 1236 708 1292 accubuerat,
727 1237 778 1295 cius
790 1232 839 1284 dici
854 1235 919 1283 lert·

248 1301 298 1353 tism
314 1301 415 1354 turbari
433 1304 539 1354 moleste
554 1307 655 1361 ferens,
674 1319 731 1352 cnse
744 1300 834 1352 stricto
852 1302 918 1350 Ale·

247 1372 359 1421 :tultum
373 1369 443 1436 pctit
459 1388 467 1420 t
484 1371 658 1435 occiderstque
672 1369 768 1428 filium,
784 1367 832 1418 nisi
847 1369 917 1418 clau·

248 1436 365 1489 dicantem
383 1455 413 1487 eu
429 1438 532 1489 vulnere
551 1437 647 1502 pridem
664 1453 767 1501 accepto
783 1451 916 1502 gressum,

233 1502 276 1552 -irt
291 1505 429 1570 vinumque
445 1503 655 1569 prepedivisscnt.
680 1506 811 1568 Prolcpsus
829 1501 916 1552 amicis

246 1572 356 1623 cubitare
373 1571 502 1623 exterritis
510 1572 614 1636 spatium
633 1570 722 1630 dedit,
740 1588 768 1622 ut
783 1569 914 1634 precibus,

246 1654 268 1688 er
282 1639 395 1705 utrisque
412 1639 508 1690 medios
526 1639 724 1705 interponendo,
747 1639 914 1688 Alexandrum

246 1707 374 1768 eriperent.
387 1708 448 1762 Nec
456 1706 559 1763 minoris
568 1724 648 1771 operte
661 1705 708 1757 suit
716 1705 788 1756 illum
797 1721 912 1763 exorare,

248 1788 269 1822 ut
281 1775 367 1824 salvus
381 1791 436 1825 esse
451 1777 538 1826 vellet.
557 1774 694 1839 Multiplici
711 1771 798 1834 muria
813 1772 915 1822 effeetus

245 1839 284 1889 sibi
305 1840 460 1902 videbatu13
476 1860 501 1894 et
510 1859 643 1908 quenquam
654 1844 734 1911 porris
751 1843 857 1908 regisque
867 1856 914 1889 uo-

245 1906 326 1968 mint,
344 1927 489 1977 irarumque
502 1928 525 1963 et
537 1913 648 1979 gentium
664 1911 757 1962 decretu
773 1897 912 1972 ingereren-

246 1989 296 2034 tur,
313 1994 365 2027 uon
383 1977 517 2036 abstinuit,
532 1977 591 2044 quin
607 1977 724 2028 insultans
741 1975 857 2040 l’lrilippo
872 1975 913 2037 ju-

247 2043 308 2093 brrct
322 2046 418 2096 intueri
432 2048 577 2097 Macedonas
591 2047 713 2113 egregium
729 2044 913 2094 crmcsmirrenli

245 2111 364 2164 irtelsium
379 2112 438 2163 belli
453 2129 591 2171 auctorem,
610 2114 649 2176 qui
663 2130 690 2162 erc
705 2115 766 2163 lecto
782 2114 807 2161 irt
823 2114 911 2163 lectum

244 2181 381 2232 rrrrtsilierts
404 2181 554 2244 procidisset.
571 2180 630 2230 lude
646 2177 693 2227 sibi
709 2176 829 2242 mittique
843 2180 911 2238 iuxta

245 2244 344 2302 timens,
356 2246 384 2296 iu
393 2245 486 2310 Epiro,
498 2245 537 2296 cui
545 2250 619 2297 frater
628 2244 786 2312 Olympiadis
796 2259 912 2308 preerat,

244 2328 289 2362 erm
300 2310 420 2378 reliquit3
435 2313 488 2376 ipse
496 2315 526 2364 sd
538 2313 680 2380 lllyriorum
690 2329 772 2378 regem
788 2315 912 2374 profeetus

244 2394 284 2428 est.
299 2381 393 2430 Postea
407 2398 504 2445 quoque
517 2398 572 2431 cum
583 2379 912 2431 reconciliatorchmnrnto

245 2445 375 2498 Corinthio
392 2449 417 2497 in
433 2448 603 2498 Macedoniam
613 2446 809 2499 reversiesseott
827 2446 911 2509 pervi-

245 2513 305 2563 cacis
321 2514 417 2581 ingenii
433 2515 521 2566 mulier
538 2514 634 2574 filium,
651 2530 739 2579 suopte
749 2512 849 2579 ingenio
863 2530 911 2577 po-

245 2581 321 2630 tentia
339 2583 458 2641 anxium,
478 2582 581 2634 incitare
605 2599 654 2632 non
674 2581 787 2634 destitit.
810 2597 836 2631 ur
855 2599 910 2646 tuos

242 2666 334 2716 posset,
353 2653 503 2702 humanitate
516 2668 560 2702 auc
571 2652 705 2718 pecuniam
714 2651 846 2700 amicitiam
857 2650 910 2699 illi·

245 2732 322 2779 crret,·
338 2735 362 2768 et
380 2721 497 2769 adversus
510 2719 661 2769 iracundiam
673 2719 770 2784 putris,
786 2717 857 2767 etism
872 2716 911 2778 us-

240 2783 332 2843 fiuirate
338 2788 472 2851 potentium
481 2786 602 2835 lominum
612 2802 635 2835 se
645 2786 758 2835 munirer.
777 2787 836 2831 Sanc
846 2780 908 2831 olim

244 2864 364 2899 monuerat
372 2851 502 2915 Philippus
512 2887 520 2910 ‚
538 2866 566 2900 ut
576 2848 718 2899 affabilitate
727 2847 772 2899 sibi
789 2848 910 2897 coucilia-

245 2931 278 2965 ret
294 2917 417 2968 hominum
431 2917 533 2972 studius
549 2915 696 2982 largitiones
710 2932 788 2965 autem
806 2931 854 2963 non
873 2933 910 2966 us·

245 2998 376 3053 quequsque
390 2987 544 3053 probaverat
561 3006 568 3036 .·
586 2983 660 3035 ctiam
669 3001 713 3050 ptr
729 2982 813 3034 literas
828 2981 911 3036 inest·
