2625 4017
320 578 353 630 84
419 572 446 624 J.
480 569 669 626 FREINSH.
706 568 900 621 cupientia

320 663 354 712 ire
371 663 435 719 jusso
453 678 458 708 ι
476 660 627 709 ΑΗηιεΙυηι
645 673 699 707 cum
721 656 819 721 paribus
836 662 888 707 sere
907 655 994 721 cupiit

319 726 412 776 eirc'um
429 727 538 776 AEolicat
558 724 701 789 lonicasque
721 724 812 774 Persici
835 725 894 785 iu'rit
916 726 992 774 urbes

320 812 351 843 m.
347 792 407 842 ttit.
418 793 536 857 Utrique
529 806 663 851 iniunctum
675 826 682 850 ,
696 808 739 848 ut,
753 791 844 843 abolito
853 810 988 859 paucorum

255 905 261 914 ,
320 862 470 918 diminuet,
479 863 625 933 popularem
642 860 694 925 ubic
697 878 724 911 ue
741 874 832 909 statum
851 860 989 910 introduce·

321 944 385 977 rent.
405 926 502 989 Quippe
526 878 709 974 multitud-inem
728 924 776 973 suis
795 925 866 974 rebus
888 926 989 975 studere

320 1009 489 1057 compererat:
500 994 579 1056 obque
591 1008 645 1041 enm
660 1009 711 1041 rem
723 1007 839 1057 tyrannos
853 1008 866 1039 a
879 991 992 1043 barbarie

319 1059 467 1125 impositos,
486 1076 529 1123 per
541 1076 601 1123 quos
615 1063 777 1109 coerceretur.
793 1059 839 1108 Pet
854 1074 897 1107 eos
913 1057 987 1117 dies,

321 1129 377 1177 dum
394 1128 484 1191 Ephesi
498 1142 662 1176 commoratur
678 1126 835 1183 Alexander,
853 1137 879 1175 ut
893 1141 922 1174 ex
938 1125 990 1175 ine-

319 1194 427 1244 entibus
445 1194 510 1244 curis
525 1209 644 1243 recrearet
660 1192 782 1250 animum,
800 1192 969 1255 frequenter'
962 1209 989 1243 m

320 1261 442 1311 officinam
454 1261 552 1323 Apellis
567 1260 717 1337 ventitavit,
733 1277 746 1308 a
759 1277 808 1324 quo
819 1275 867 1309 uno
877 1258 989 1324 effigiem

320 1346 385 1379 euim
408 1313 525 1392 penicillo
544 1327 644 1390 exprimi
663 1327 792 1377 volebat:
810 1339 880 1375 tanto
899 1330 990 1376 favore

320 1396 477 1459 complexus
495 1409 522 1444 ut
544 1392 727 1444 dilectissimam
750 1393 884 1457 pellicum,
903 1410 988 1445 amore

319 1464 341 1523 ej
345 1480 370 1512 us
384 1460 494 1525 deperire
509 1460 614 1512 sentiens
627 1460 762 1519 artificem,
782 1461 849 1509 dono
870 1457 992 1521 dederit,

319 1530 434 1578 Paucarta
448 1528 601 1588 vocabatur,
618 1545 646 1577 ex
661 1527 751 1577 larissa
766 1526 844 1577 nobili
857 1528 992 1576 Thessaliae

320 1597 417 1661 urbege
420 1611 463 1645 nus
478 1597 590 1645 ducens.
608 1596 750 1659 armabatque
768 1610 819 1645 eam
834 1610 875 1644 rex
891 1593 991 1671 ardenti

319 1664 424 1721 affectu,
445 1663 478 1711 ob
492 1665 575 1712 forma
589 1661 812 1736 pulchritudinemt
830 1677 855 1711 et
870 1660 990 1726 quoniam

319 1728 470 1780 adolescenti
479 1730 556 1794 prima
566 1730 695 1780 mulierum
705 1731 736 1779 ad
748 1727 876 1779 libidinem
889 1729 943 1792 plac
947 1746 990 1779 ue-

319 1814 366 1848 rnt.
378 1800 436 1846 Hoc
447 1812 474 1847 ut
488 1795 711 1873 magnanimitatem
729 1796 863 1845 Alexandri
877 1812 928 1845 nou
943 1797 988 1846 de·

320 1866 363 1914 dec
366 1879 409 1921 εις
428 1862 462 1913 ita
477 1880 527 1913 non
546 1874 584 1915 er:
588 1862 711 1923 diderim,
729 1865 754 1914 in
770 1865 884 1927 officina
877 1866 987 1930 imperite

319 1934 397 1982 multa
408 1932 560 1985 disserentem
569 1932 599 1982 ab
610 1925 698 2008 Apelle
713 1934 779 1982 mord
782 1949 819 1979 act
814 1929 932 2006 'dictariq
949 1949 989 1982 re-

315 2014 423 2075 pressum
426 1998 514 2063 fuisse
529 2000 593 2047 Nam
608 1997 633 2045 id
651 2013 728 2060 neque
739 1995 857 2058 majestati
870 1996 931 2046 tanti
945 2014 988 2046 re-

319 2064 373 2129 gis
387 2079 464 2128 neque
480 2065 605 2115 modestrae
613 2078 737 2127 pictoris
752 2063 916 2114 hominisnon
931 2079 987 2114 sru-

320 2130 373 2194 pidi
396 2147 440 2179 nec
465 2131 584 2190 indocti,
603 2129 781 2181 convenisset:
801 2147 826 2180 et
844 2132 988 2182 Alexander

308 2196 462 2247 liberalibus
483 2197 571 2247 studiis
592 2198 621 2246 ab
638 2212 745 2247 extrema
762 2212 830 2247 erare
854 2197 961 2248 imbutus
977 2235 989 2257 ,

319 2263 393 2314 etiam
403 2265 434 2314 de
444 2263 551 2322 artibus,
567 2279 684 2328 quianon
696 2266 812 2324 calleret,
829 2264 894 2315 haud
902 2265 988 2328 inepte

317 2330 425 2395 judicare
437 2330 567 2381 didicerat.
580 2331 646 2380 lllud
656 2330 758 2394 propius
773 2347 833 2381 vero
848 2347 902 2389 est,
919 2332 989 2396 quod

318 2397 360 2448 alii
374 2396 544 2456 tradiderunt·
560 2399 681 2463 quemdam
695 2399 836 2465 thplrtsiae
845 2398 934 2449 Dianae
946 2416 988 2449 sa-

317 2466 407 2517 cerdoti
409 2466 467 2524 but,
487 2484 543 2533 euos
553 2465 703 2541 Megabyzos
717 2467 832 2539 appellari
846 2482 897 2516 mns
913 2480 990 2525 erat,

317 2535 504 2611 reprehensum.-
522 2549 576 2581 cum
594 2530 692 2596 quidem
708 2529 729 2578 ei
745 2530 839 2580 diceret
856 2532 961 2595 Apelles
976 2568 988 2591 ‚

316 2601 392 2660 quoad
401 2602 518 2657 tacuisti,
536 2616 621 2651 aurum
630 2601 673 2650 loe
687 2614 756 2663 atque
765 2615 873 2665 purpura
886 2616 988 2650 venera·

316 2666 388 2717 bilem
404 2682 426 2717 te
436 2666 518 2729 faciel
520 2682 562 2716 ant
584 2665 723 2731 imperitis,·
744 2680 770 2714 at
787 2682 850 2715 nunt
871 2666 988 2718 derebus

316 2748 375 2797 quas
386 2748 432 2781 non
447 2734 586 2799 intelligis
578 2733 725 2798 incipientem
736 2733 816 2796 loqui,
835 2733 907 2781 etiam
914 2733 987 2798 pueri

317 2799 397 2847 rident
412 2800 555 2861 unicolores
570 2811 661 2849 terunt.
679 2800 708 2845 ln
717 2813 744 2846 ea
759 2798 819 2847 urbe
830 2798 907 2862 louge
922 2799 988 2848 cele·

317 2862 445 2912 berrimam
461 2865 553 2920 edem,
569 2879 683 2926 utsupra
699 2865 801 2913 relatum
819 2878 872 2922 est,
890 2866 986 2914 Heron-

315 2943 392 2980 tratut
412 2928 562 2979 incenderat.
584 2934 615 2978 Ea
638 2945 692 2980 tutn
712 2947 804 2980 summa
821 2930 988 2994 Ephesiorum

313 3011 390 3061 eura,
404 2994 560 3065 maximisque
574 2996 690 3072 impensis
704 2997 893 3068 instaurabatur.v
907 3000 986 3071 Ωμω
