2625 4017
307 568 363 636 198
485 558 528 641 Q
568 560 810 624 CURTII

300 653 363 725 ΗΞΞ
383 679 598 724 commeatuum
617 660 845 737 sarcinarumque
866 657 978 739 maiore

302 760 383 836 parte
397 742 543 819 deposita,
559 738 671 818 Lycum
685 760 800 817 amnem
810 756 898 815 ponte
909 741 977 820 jun-

303 822 346 883 xit
356 860 366 891 ,
377 839 406 881 et
414 839 464 912 per
473 820 531 881 dies
539 820 682 913 quinque,
696 820 767 879 sicut
775 837 839 879 ante
848 819 979 911 Euphra·

305 918 372 969 ten,
387 918 498 978 trajecit
506 917 675 961 exercitum
683 898 751 958 inde
760 915 907 977 octoginta
918 900 978 963 fere

244 983 247 988 '
302 979 393 1040 stadia
414 999 601 1060 progressus,
627 977 664 1037 ad
687 978 809 1039 alterum
829 998 946 1039 amnem
968 1017 979 1048 ,

304 1057 431 1118 Bumado
440 1078 549 1118 nomen
560 1074 618 1128 est,
635 1073 724 1118 castra
733 1073 838 1134 posuit
852 1056 976 1149 Opper-

304 1154 374 1198 tuna
385 1137 558 1217 explicandis
571 1136 662 1213 copiis
674 1157 704 1197 re
725 1135 754 1193 io
769 1153 846 1205 erat,
864 1138 978 1214 equita-

305 1216 371 1276 bilis
385 1234 414 1277 et
428 1233 506 1279 vasta
522 1215 664 1307 planities.
716 1234 732 1274 e
748 1215 845 1292 stirpes
861 1215 978 1291 quidem

308 1314 337 1356 et
347 1297 442 1357 brevia
452 1296 573 1375 virgulta
584 1292 838 1372 opennntsoium
850 1294 980 1372 liberque

305 1372 977 1466 prospectusoculotumetiamadeaquaeprocul

307 1472 465 1521 recessere,
482 1452 664 1545 permittitur.
675 1452 803 1529 Itaque
783 1474 803 1512 si
815 1473 867 1529 qua
879 1452 978 1529 campi

306 1531 516 1602 eminebant,
509 1532 585 1607 jussit
597 1530 723 1610 aequari,
738 1546 839 1609 totumq
841 1548 874 1589 ue
883 1528 977 1606 fusti·

301 1610 384 1690 gium
405 1608 529 1674 extendi.
547 1610 736 1678 Alexandro,
758 1610 807 1686 qui
824 1631 977 1670 numerum

305 1691 455 1768 copiarum
465 1691 541 1768 ejus,
555 1708 691 1769 quantum
705 1690 805 1765 procul
819 1688 976 1766 conjectari

306 1788 457 1849 poterant,
474 1768 704 1837 animabant,
676 1789 725 1830 vra
734 1769 862 1829 fecerunt
870 1767 956 1828 fidem
967 1809 978 1839 ,

306 1866 351 1908 tot
365 1849 490 1908 milhbus
504 1849 596 1920 caesis,
610 1846 734 1925 majores
743 1848 838 1938 copias
854 1866 912 1907 csse
927 1868 975 1907 re·

305 1945 428 2005 paratas.
447 1925 585 1987 Ceterum
600 1927 693 1987 omnis
708 1925 843 2003 periculi,
859 1942 887 1986 et
908 1948 976 1987 ma·

302 2006 382 2067 xime
398 2006 585 2065 multitudinis
601 2022 800 2083 contemptor,
819 2005 979 2067 undecimis

303 2085 399 2146 eastris
413 2085 588 2162 pervenitad
602 2082 790 2175 Euphratem
802 2106 859 2162 quo
874 2085 975 2160 ponti-

303 2164 379 2226 bus
370 2180 473 2254 juncto
487 2163 595 2243 equitet
603 2162 719 2255 primos·
728 2163 790 2232 iae,
810 2160 976 2300 ΞΞΞΞΞΞΞΞΞΞΞΞΞ

303 2260 389 2334 sequi
376 2241 496 2320 ’ΞΞΞΞΞΞΞΞ
518 2244 650 2311 Mazaeo,
672 2263 723 2320 qur
712 2242 772 2301 'ad
791 2241 905 2301 inhiben
925 2264 976 2303 um

303 2320 452 2383 transitum
468 2321 545 2401 ejus,
563 2343 630 2382 cum
647 2341 696 2382 sex
708 2321 834 2381 millibus
847 2321 979 2397 equitum

304 2417 484 2469 occurrerat,
501 2421 561 2461 non
570 2399 807 2477 ausopenculum
817 2422 859 2461 sur
850 2399 976 2463 facere

305 2478 406 2539 Paucis
416 2479 536 2549 deinde,
552 2500 611 2540 non
623 2480 657 2540 ad
670 2481 812 2557 quietem,
825 2480 870 2539 sed
882 2480 915 2538 ad
928 2500 975 2538 re·

304 2558 443 2636 parandos
454 2560 583 2628 animos,
599 2558 774 2621 diebusdatis
784 2558 889 2626 militi,
905 2576 977 2617 stre-

306 2656 363 2698 nue
382 2636 522 2697 hostem
514 2639 622 2730 insequi
641 2638 753 2715 coepitt
768 2656 916 2705 metuens,
936 2654 973 2695 ne

305 2716 440 2776 interiora
456 2717 536 2795 regni
556 2717 601 2777 sui
614 2734 745 2796 peteret,
764 2715 974 2806 sequendusque

307 2813 377 2855 esset
387 2814 436 2872 per
446 2795 511 2855 loca
523 2816 603 2855 omni
596 2795 765 2854 solitudine
777 2813 859 2872 atque
875 2794 974 2869 inopia

306 2894 398 2935 vasta
387 2874 507 3014 igrmr
504 2892 603 2951 quarto
614 2874 660 2934 die
668 2892 766 2951 prater
772 2873 875 2933 Arbela
886 2892 976 2949 pene·

305 2968 360 3013 urat
373 2952 410 3013 ad
455 2972 552 3034 rgnm.
571 2953 649 3015 Tota
669 2954 749 3035 regio
764 2954 835 3016 ultra
856 2968 974 3012 amnem
