2625 4017
397 540 460 609 '220‘
580 542 624 627 Q.
664 542 902 609 cunum

397 645 457 706 ulla
474 661 518 706 est
532 659 588 705 torn
602 644 763 722 familiaris
781 642 940 721 infelicibus
952 642 1074 723 putria;

339 797 341 802 Ι
418 745 480 784 uum
506 724 647 794 solitudo,
670 744 698 785 et
719 742 810 785 status
830 723 937 804 prioris
960 721 1073 787 obliuio.

336 809 344 850 t
398 821 401 826 ·
436 824 480 863 am
500 803 545 883 qui
566 802 678 863 multum
701 804 731 863 in
750 824 858 863 suorum
879 801 1073 862 misericordia

336 853 356 1046 χ
397 900 504 962 ponunt
518 921 529 951 ,
543 881 693 961 ignorant,
709 903 788 942 ouum
805 880 931 941 celeriter
948 879 1076 941 lacrima

400 960 572 1022 inarescant.
596 960 689 1021 Nemo
702 951 831 1039 fideliter
850 958 973 1039 diligit,
995 981 1075 1038 quem

358 1045 360 1050 '
393 1038 515 1117 fastidit
527 1060 539 1111 ;
561 1060 626 1099 narn
637 1058 664 1101 et
677 1039 822 1099 calamitas
833 1037 946 1117 querulo
959 1057 1025 1110 est,·
1046 1055 1077 1099 et

403 1118 520 1199 superba
520 1116 661 1193 felicitas.
674 1117 719 1178 lca
728 1139 807 1177 suum
816 1116 928 1195 quisque
930 1116 1075 1192 fortunam

403 1197 562 1258 insensilia
573 1196 655 1258 babet
666 1238 676 1267 ,
696 1218 755 1257 cum
766 1196 798 1256 de
810 1196 903 1256 alienu
918 1195 1052 1256 deliberat
1063 1223 1075 1258 .-

404 1294 434 1336 et
448 1276 504 1336 nisi
526 1292 616 1336 mutuo
635 1296 758 1336 essemus
780 1274 895 1342 miseri,
918 1274 982 1334 olim
1001 1274 1076 1337 alius

404 1354 456 1415 alii
465 1356 651 1435 potuissemus
667 1375 728 1415 esse
734 1353 870 1431 fastidio.
888 1348 966 1433 Quid
977 1355 1077 1415 mirum

308 1506 311 1511 ι
404 1451 471 1503 est,
494 1431 654 1509 fortunatos
678 1453 785 1513 semper
798 1452 900 1570 “putem
923 1436 1075 1512 quarere?

405 1509 531 1572 Obsecro
545 1533 617 1582 uos,
639 1511 704 1572 olirn
722 1511 782 1574 uita
818 1509 943 1587 esuristi,
966 1533 1076 1591 quieru-

404 1610 466 1651 mus
486 1589 599 1662 locum,
625 1591 656 1651 in
679 1612 728 1670 quo
749 1589 807 1650 baec
827 1611 934 1650 semesa
954 1591 1077 1654 membra

405 1668 552 1731 obruamus
571 1696 581 1730 .·
599 1669 644 1731 ubi
666 1668 809 1731 horribiles
832 1669 977 1729 cicatrices
1003 1669 1075 1732 celet

405 1747 532 1811 exilium.
555 1746 642 1810 Grati
663 1769 774 1830 prorsus
796 1747 983 1828 conjugibus,
1007 1770 1077 1829 quas

400 1827 519 1908 juvenes
540 1826 692 1898 duximus,
714 1836 906 1888 reuertemur!
926 1824 1021 1888 Liberi
1044 1829 1077 1889 iu

398 1905 476 1987 flore
487 1923 514 1966 et
525 1905 620 1968 atatis
635 1923 664 1966 et
678 1926 765 1965 retum
783 1927 954 1986 agnoscent,
971 1925 998 1966 et
1007 1905 1077 1984 fta-

404 2003 463 2045 tres
482 1984 617 2064 ergastuli
638 1984 828 2046 detrimenta?
851 1982 890 2045 Et
912 2004 991 2060 ouotu
1008 2007 1077 2067 puts

404 2062 493 2123 nostri
508 2081 549 2123 tot
564 2063 638 2124 obire
652 2081 740 2124 sertas
753 2066 871 2156 potest?
895 2063 995 2126 Procul
1013 2064 1076 2126 Eu·

404 2162 470 2223 rupa
487 2141 518 2202 in
537 2141 633 2202 ultima
655 2140 782 2203 Orientis
802 2141 941 2225 relegari,
963 2165 1078 2217 senes,

404 2219 531 2289 debiles,
550 2223 651 2302 majore
665 2222 840 2282 membrorum
853 2241 933 2303 parte
945 2222 1076 2296 multati,

404 2298 584 2361 tolerabimus
603 2300 733 2370 scilicet,
756 2320 814 2379 oua
832 2320 952 2363 armatos
969 2319 997 2362 et
1012 2304 1077 2366 rie-

405 2396 479 2441 tares
493 2378 697 2458 fatigaverunt.
712 2378 852 2457 Coniuges
865 2379 984 2451 deinde,
1007 2402 1078 2461 quas

404 2458 496 2537 ceptis
514 2478 575 2518 sors
595 2477 624 2517 et
643 2458 797 2519 necessitas
818 2458 926 2520 urticam
945 2458 1079 2523 solatium

404 2535 556 2627 applicuit,
571 2557 723 2617 porrosque
736 2535 854 2606 liberos,
873 2537 1006 2599 trahimus
1022 2561 1076 2601 no-

404 2614 510 2675 bustum
521 2655 531 2685 ,
541 2636 578 2675 an
589 2614 792 2696 relinquimus?
805 2636 864 2675 curn
876 2615 920 2677 bis
931 2619 1080 2679 uenientes

403 2714 482 2754 uerno
504 2714 653 2831 ttlgnoscere
673 2693 757 2757 uolet.
785 2691 981 2775 Relinquemus
1007 2716 1076 2776 ergo

404 2791 511 2853 erstemp
524 2792 539 2833 o
547 2773 700 2863 prasentia
707 2772 845 2853 pignore,
863 2794 922 2835 cum
939 2775 1075 2835 incertum

401 2850 460 2922 sit,
476 2872 512 2911 an
524 2852 612 2912 ursuti
623 2852 711 2913 simus
723 2872 756 2912 ea
766 2872 825 2930 quae
833 2853 982 2933 petimus?
998 2850 1080 2912 Inter

398 2926 449 2993 lus
468 2928 609 2995 latendum
628 2949 694 3005 est,
717 2928 763 3012 qui
781 2951 832 2996 nos
851 2931 970 3005 miseros
991 2951 1079 2997 nosse
