2625 4017
489 582 714 655 'LIBER
762 583 836 656 vn
942 611 1011 673 qn

320 705 327 738 ·-
343 687 542 761 Parmenioni,
553 693 621 755 vivo
635 691 726 753 adhuc
736 692 828 751 Dario
838 730 849 762 ‚
859 692 1018 771 intempes-

343 772 405 833 tiva
425 792 468 832 res
488 769 658 844 ridebatur;
685 788 743 832 non
763 772 841 832 ¹enim
863 773 940 840 sibi,
968 771 1017 834 sed
1092 819 1102 838 ,

342 849 421 910 hosti
441 870 504 911 esse
519 850 663 911 occisuros
682 850 903 912 Alexandrum:
921 851 1016 912 Dario

342 947 416 991 vero
428 930 539 990 sublato
550 931 697 1007 premium
707 931 780 1012 regis
791 931 878 989 occisi
892 929 992 989 Atiam
1003 968 1016 1001 ‚

324 1045 327 1052 ·
343 1023 373 1068 et
383 1024 477 1067 toturn
486 1006 639 1068 Orientem
649 1009 874 1069 interfectoribus
886 1027 944 1069 esse
954 1028 1017 1068 ces·

341 1106 450 1148 surum.
462 1084 669 1165 Approhstoque
679 1085 795 1148 consilio
806 1125 819 1156 ,
835 1086 864 1146 in
874 1084 1015 1165 haetfidts

320 1191 323 1196 ·
341 1162 411 1224 dure
424 1180 467 1225 est
480 1182 506 1223 er
520 1181 643 1246 occepta.
654 1161 738 1244 Quod
749 1164 785 1225 ad
799 1164 939 1248 Dymnum
967 1185 1016 1226 rr·

340 1241 433 1313 tinet,
444 1240 516 1303 nihil
525 1243 609 1315 sts'o,·
624 1255 651 1304 et
661 1242 720 1304 host
731 1243 875 1320 confessus
885 1186 1014 1324 ineiigo

341 1340 397 1382 nort
414 1320 544 1401 prodesse
566 1320 654 1392 mini,
675 1320 745 1401 quod
762 1339 879 1403 prorsus
896 1321 1014 1383 sceleris

341 1419 523 1481 experrsurn.
540 1402 586 1461 llli
604 1421 696 1463 rursus
710 1404 859 1463 tormentis
868 1402 1011 1472 admotis,

340 1499 407 1539 cum
425 1479 477 1558 ipsi
495 1495 609 1558 quoque
624 1480 708 1541 hastis
727 1502 761 1541 os
776 1484 932 1559 oculosque
950 1482 1013 1558 ejus

314 1560 555 1632 :everberarent3
581 1560 678 1620 uthoc
707 1579 802 1635 uoque
818 1561 925 1620 crimen
937 1580 1011 1621 con·

322 1636 483 1706 ·fiteretur‚
502 1657 674 1716 expressere.
688 1582 876 1719 {rigentibus
886 1637 1010 1709 deindo,

318 1737 320 1742 ·
336 1732 368 1774 ut
377 1714 500 1776 ordinent
513 1716 628 1796 cogitari
643 1716 912 1798 scelerisexponeret
922 1736 935 1787 ,·
946 1735 1008 1778 curn

316 1827 326 1834 ··
336 1791 385 1853 diu
396 1792 498 1854 Bactra
514 1812 652 1855 retentura
663 1816 754 1875 regern
766 1793 950 1864 viderentur,
968 1795 1010 1855 ti-

336 1872 441 1933 muisse
450 1875 608 1952 respondit,
619 1893 739 1956 nepotes
745 1896 802 1937 txx
810 1893 892 1933 nutus
900 1893 1008 1946 ansus,

334 1951 409 2041 tanti
418 1953 557 2020 exercitus
567 1952 645 2025 durs,
662 1972 748 2016 ronta
755 1952 880 2036 pecunie
891 1971 985 2013 custos
994 1991 1006 2024 ,

334 2032 450 2092 rnterirn
463 2031 680 2122 ‘extingueretur
696 2074 706 2103 ‚
731 2033 838 2115 spsique
854 2073 865 2104 ‚
884 2029 1007 2111 ¹spoliato

334 2108 424 2171 tantis
440 2109 570 2181 utribus,
592 2111 735 2172 occidendi
755 2111 833 2248 repis
849 2131 934 2170 causa
950 2130 1005 2170 non
1088 2180 1091 2186 ¹

334 2205 419 2248 essee.
440 2186 602 2250 Festinasse
622 2210 687 2270 ergo
705 2210 760 2258 se,
800 2209 846 2248 um
861 2188 1007 2269 premium

321 2263 445 2328 -iraberer
468 2267 498 2328 in
520 2267 670 2338 messibus,
692 2266 1006 2350 representare-tonsi-

315 2342 426 2416 -ls'unr,
452 2348 530 2426 cujus
548 2364 653 2426 patrem
667 2346 762 2425 fuisse
782 2363 924 2406 auctorem
946 2342 1005 2405 nisi

332 2423 498 2495 crederent,
511 2444 645 2486 tormenta
656 2446 806 2505 quanquam
821 2422 938 2563 tolerafie
948 2443 1005 2485 nort

329 2522 444 2585 poster,
465 2522 556 2566 tarnen
571 2526 625 2564 non
635 2524 785 2567 recusaret.
802 2506 849 2566 Illi
863 2525 901 2565 co
924 2502 1005 2565 ocuti

330 2582 404 2644 tatis
431 2583 557 2644 uaesirurn
568 2581 685 2656 uideri;
703 2587 737 2645 ad
751 2606 847 2667 regern
857 2591 1005 2647 revenre-

332 2679 389 2724 tur.
407 2605 468 2741 ὅυί
481 2681 596 2743 postero
612 2664 658 2725 die
671 2681 700 2725 et
713 2685 771 2742 quoe
785 2661 929 2737 consessus
944 2678 1005 2724 erae

331 2737 461 2804 Philotos
485 2742 625 2813 recitari,·
646 2760 675 2802 et
698 2742 787 2823 ipsum
807 2742 874 2818 quia
893 2741 1003 2821 ingredi

331 2837 392 2878 non
406 2840 537 2898 poterat,
558 2821 636 2900 jussit
649 2817 758 2901 afferri.
773 2819 884 2881 Omnia
898 2839 1004 2899 agnos-

330 2917 413 2961 cente
435 2902 563 2969 eodem‚
589 2901 777 2968 Demetrius,
804 2898 853 2975 qui
876 2895 1003 2975 proximi

329 2980 444 3043 sceleris
457 2982 597 3061 particeps
611 2999 671 3044 esse
687 2980 877 3063 arguebatur,
893 2976 1003 3055 produ·⁴

800 3074 906 3157 stus
