2625 4017
333 576 364 617 ιι
430 562 459 618 J.
492 565 683 637 FREINssH
716 567 911 622 SUPPLEM.

329 652 450 703 imbutum
472 654 502 703 ab
523 653 664 704 Aristotele
681 650 733 702 filio
752 653 860 711 medici,
880 672 909 705 ex
927 670 1008 720 gente

330 720 559 784 Asclepiodorum,
580 719 679 770 fidem
672 719 749 785 ipsius
765 721 876 784 epistolae
895 721 1006 776 faciunt

330 790 390 838 Eam
400 803 480 837 autern
489 788 652 856 philosophiae
658 803 753 851 partem
764 823 771 846 ‚
782 787 887 852 quesibi
897 788 1006 855 aliisque

329 853 430 919 probe
423 871 542 919 imperare
558 856 652 913 docet,
669 854 703 904 ita
715 854 810 913 coluit,
830 871 857 904 ut
872 857 1003 932 magnani-
989 882 1008 900 -‹

329 921 439 979 raritate,
457 921 606 999 prudentia,
626 921 805 998 temperantia,
824 921 1004 985 fortitudine

329 1004 400 1064 quam
411 988 483 1038 armis
493 1006 518 1038 et
534 986 640 1052 opibus
632 987 795 1045 instructior,
813 1004 905 1040 tantam
920 991 1003 1055 impe·

329 1054 361 1105 rir
354 1053 466 1105 Persici
478 1055 570 1106 molent
585 1055 701 1105 subruere
717 1071 845 1121 aggressus
861 1074 1000 1111 censeatur.

328 1123 384 1186 Ipse
407 1121 503 1187 quidem
525 1120 687 1186 predicavit,
707 1140 754 1174 non
774 1124 854 1173 minus
873 1142 897 1176 se
920 1126 1003 1177 debere

329 1188 480 1248 Aristoteli,
498 1204 569 1256 quam
586 1190 722 1255 Philippo:
742 1190 813 1254 hujus
832 1191 895 1241 enim
914 1210 1003 1243 munos

323 1256 419 1322 fuisse,
438 1258 499 1333 quod
511 1259 629 1309 viveret:
645 1257 733 1313 iuius,
749 1257 812 1331 quod
822 1257 915 1309 honeste
929 1260 1001 1335 vive-

329 1338 378 1374 ret·
395 1321 524 1399 Ingenium
539 1337 621 1373 tamen
639 1323 724 1371 ardens
741 1319 902 1399 ambitione,
923 1323 1003 1375 nimia

328 1387 432 1439 honoris
446 1388 580 1454 gloriaque
594 1388 784 1453 predicatione,
800 1406 870 1452 quam
880 1388 946 1441 inter
959 1408 1002 1456 ge·

328 1470 386 1506 nera
404 1456 524 1506 bonorum
541 1457 692 1506 referendam
714 1472 766 1505 esse
781 1455 934 1514 Aristoteles
949 1458 1001 1507 sci·

329 1537 422 1582 verat,
441 1524 531 1573 elatum
552 1523 644 1579 fuisse,
664 1538 707 1581 ut,
727 1539 777 1572 ιιοιι
801 1524 907 1572 modo
900 1542 1000 1588 impetn

327 1590 480 1655 prorogandi
496 1590 595 1655 gratia,
614 1590 678 1639 bella
695 1607 724 1639 ex
739 1587 811 1639 bellis
826 1608 917 1641 sereret
927 1608 1001 1649 ,νε-

327 1671 388 1734 rum⁸
396 1656 516 1707 etiamDe
520 1675 546 1707 us
561 1656 643 1708 haberi
658 1657 755 1716 vellet,
770 1657 869 1721 quidam
884 1674 936 1708 non
951 1658 1000 1709 im-

327 1721 419 1779 merito
430 1723 564 1775 credidere.
579 1729 695 1776 Ceterum
709 1740 760 1774 non
768 1724 869 1776 solum
863 1743 1000 1790 imperante

327 1789 473 1844 Alexandro
487 1792 578 1843 exirnio
590 1793 703 1852 honore
720 1791 878 1858 maximisque
892 1794 1000 1844 muneri-

328 1858 373 1909 bus
390 1859 492 1911 affectus
507 1876 544 1911 est
559 1859 726 1939 ΑιίειοιοΙειι
746 1860 788 1910 sed
805 1859 901 1911 etvivo
919 1861 1001 1919 adhue

326 1924 469 2002 Philippo
462 1944 548 1993 urgens
564 1926 730 1979 institutionis
744 1944 790 1977 suae
806 1928 915 1991 pretium
932 1931 999 1979 tule

327 2008 383 2044 rat:
392 1992 542 2059 impetrato,
562 2012 589 2046 ot
603 1995 629 2045 ia
643 1994 720 2058 ipsius
734 1993 841 2070 gratiam
851 1995 930 2058 patria
946 1996 1000 2046 ins-

326 2073 471 2126 tauraretur
487 2061 695 2139 Olynthiosi'bil'
690 2079 758 2127 rppus
767 2078 897 2111 acerrimos
912 2063 1001 2115 hostes

327 2133 552 2192 expertusfuerat3
564 2148 618 2180 nam
634 2129 711 2179 vicini
727 2128 894 2188 Macedonia,
912 2147 937 2180 et
952 2150 1001 2195 po

275 2224 277 2229 ·
327 2195 405 2245 tentia
420 2196 537 2248 hactenus
553 2196 640 2247 haud'
633 2212 760 2260 impares,
781 2196 906 2263 egerrime
929 2202 1000 2249 tule-

274 2286 275 2289 ¹
327 2277 399 2321 rant,
418 2264 462 2312 sub
482 2281 540 2329 rege
563 2262 686 2314 bellicoso
707 2268 824 2329 vafroque
845 2264 916 2341 regni
937 2284 1002 2330 opes

326 2345 457 2389 crescere,
470 2330 562 2381 accolis
572 2331 722 2396 perniciem,
738 2346 780 2381 aut
793 2331 922 2408 seryitium
934 2335 998 2384 alia-

326 2411 402 2449 turas.
421 2401 488 2464 Ergo
509 2416 557 2474 quo
577 2398 748 2477 infensiqribus
766 2398 852 2448 animis
876 2416 997 2453 certaturn

327 2480 388 2525 est3
407 2482 436 2515 eo
459 2465 568 2530 asperior
587 2465 693 2517 victoria
712 2464 769 2516 fuit.
786 2467 876 2517 Urbem
898 2486 924 2516 ca
927 2486 1000 2532 ptam

327 2529 495 2610 direptamque
511 2534 566 2583 solo
583 2535 688 2612 aequavit
704 2532 853 2597 Philippus:
870 2533 937 2585 cives
954 2554 996 2585 ve-

325 2597 409 2659 niere3
423 2599 449 2649 in
466 2600 561 2666 reliqna
581 2601 655 2652 etiarn
676 2599 780 2651 ditionis
800 2618 885 2651 eorum
903 2602 999 2666 oppida

326 2664 435 2717 saevitum
450 2684 495 2718 est.
510 2672 577 2718 lnter
592 2686 641 2733 quae
656 2667 792 2732 Stagiram,
812 2671 876 2718 unde
892 2669 997 2719 Aristo-

325 2733 386 2782 teies
396 2751 470 2797 genus
478 2736 583 2785 ducebat
593 2770 601 2794 ,
613 2754 657 2800 par
667 2734 791 2785 calamitas
801 2736 926 2812 obruerat.
935 2740 999 2789 Earn

324 2813 378 2849 utm
389 2800 454 2864 regis
467 2818 497 2863 pe
500 2802 586 2855 missu
600 2819 671 2868 atque
682 2802 770 2867 opibus
783 2820 811 2852 ex
820 2801 919 2867 integro
935 2821 996 2854 con-

325 2865 408 2917 didit:
420 2868 585 2934 restitutaque
598 2870 668 2935 leges
682 2869 760 2929 tulit,
779 2869 864 2934 quibus
878 2887 923 2934 pos
914 2886 996 2920 tmo-

324 2933 380 2983 dum
392 2952 432 2984 usa
449 2952 495 2986 est.
512 2941 549 2987 Ita
558 2954 629 3001 quam
643 2953 747 2988 stantem
760 2936 938 3013 florentemque
953 2954 1001 2991 tot

324 3000 460 3054 fortium
436 3019 547 3056 virorum
561 3020 645 3056 manus
654 3005 684 3057 ab
694 3002 792 3056 excidio
801 3001 934 3072 prohibere
943 3022 999 3057 ιιοι
