2625 4017
403 535 594 603 traua
630 536 761 604 vrit.
863 553 924 617 44,

244 663 306 710 tum
318 643 499 705 manifestum
512 641 670 720 perieulum
681 658 759 712 erat3
773 639 863 719 iprum
875 661 923 703 re-

245 748 314 809 gem
335 724 485 785 discrimen
504 721 595 782 subire
613 741 673 779 non
686 722 811 797 placuit:
825 725 872 783 sed
888 737 922 784 ut

245 809 360 888 tignum
369 807 436 865 tuba
445 804 542 863 datum
551 820 608 869 est,
616 800 661 860 vir
671 801 791 867 audaciae
801 821 921 879 promtae

245 905 399 947 conversus
410 884 444 943 ad
463 883 589 959 corporis
601 882 731 940 custodes
743 899 819 958 sepul
832 903 863 942 te
874 885 923 962 ju·

245 969 316 1034 bet,
340 965 500 1041 primusque
528 961 636 1022 invadit
658 962 688 1019 in
714 980 825 1038 rupem.
852 964 922 1028 'Nec

246 1045 347 1105 deinde
362 1046 510 1120 quisquam
521 1040 714 1103 Macedonum
726 1039 844 1102 substitit
857 1067 865 1103 r
878 1064 924 1105 te·

246 1126 377 1200 lictisque
395 1123 561 1183 stationibus
577 1142 624 1182 sua
644 1139 744 1197 sponte
760 1142 857 1202 regern
875 1144 922 1185 se-

246 1206 414 1282 quebantur.
423 1203 582 1261 lllulrorum
590 1200 754 1258 miserabilis
763 1200 901 1263 ftntcasus
909 1243 922 1277 ‚

269 1304 322 1343 uos
331 1300 361 1341 et
372 1301 506 1360 praerupra
518 1299 585 1356 rupe
597 1281 691 1357 lapsos
705 1281 795 1340 amnis
805 1301 922 1359 praeter·

248 1306 338 1427 duent
349 1361 458 1435 bausir3
470 1361 547 1419 triste
559 1362 751 1436 spectaculum
763 1364 849 1421 etiam
861 1383 922 1424 non

247 1441 469 1522 periclitantibus
488 1464 497 1500 =
519 1461 584 1499 cum
604 1459 673 1499 vero
695 1440 790 1500 alieno
808 1442 923 1513 exitio,

247 1523 314 1600 quid
328 1523 392 1599 ipsis
403 1521 561 1581 timendum
573 1519 647 1579 foret
660 1561 669 1587 ‚
683 1520 925 1584 admonerenturt

248 1603 278 1663 in
296 1621 405 1661 metum
420 1598 609 1659 misericordia
623 1620 724 1667 versa,
737 1605 923 1663 nonextinc·

248 1698 317 1748 tos,
335 1682 381 1741 sed
400 1682 565 1756 semetipsos
584 1678 735 1741 deflebant.
755 1681 791 1740 Et
812 1685 869 1759 jam
885 1702 924 1742 eo

249 1780 418 1841 perventum
440 1779 521 1827 erat,
545 1759 620 1818 unde
641 1759 701 1818 sine
723 1763 847 1835 pernicie
869 1761 925 1824 nisi

211 1904 218 1914 ,
248 1842 372 1902 victores
383 1840 471 1899 redire
482 1860 540 1910 non
559 1859 694 1915 ponente
713 1840 838 1920 ingentia
856 1863 924 1903 saxa

250 1920 281 1981 in
299 1925 445 1979 subeuntes
461 1922 694 1997 provolventibus
711 1921 834 1980 barbaris
848 1963 858 1988 ,
874 1921 924 1999 qui

249 2002 371 2079 perculsi
383 2001 502 2059 instabili
514 2019 542 2059 et
552 2000 662 2059 lubrico
673 2001 757 2080 gradu
769 2002 926 2078 precipites·

227 2108 232 2114 ·
250 2081 423 2141 recidebant.
436 2078 588 2138 Evaserant
603 2098 698 2137 tamen
716 2081 880 2147 Alexander
894 2098 925 2142 et

249 2159 383 2227 Charus,
398 2180 545 2233 quoscum
558 2178 615 2215 xxv.
631 2157 746 2217 delectis
754 2163 927 2237 praemiserat

249 2259 323 2305 tex,
346 2255 374 2295 et
392 2236 449 2310 jam
471 2257 597 2316 pugnare
612 2237 744 2306 cominus
760 2258 927 2318 coepetant3

251 2318 299 2379 sed
323 2338 387 2377 cum
406 2336 524 2392 superne
540 2318 596 2373 tela
612 2317 719 2375 batuari
739 2316 927 2396 ingererent,

251 2398 349 2474 saepins
360 2396 410 2469 ipsi
422 2395 612 2461 feriebantur,
629 2417 713 2457 cuam
726 2399 923 2466 vulnerabant.

251 2477 330 2556 Ergo
340 2475 516 2535 Alexander,
531 2492 559 2533 et
570 2475 691 2539 nominis
701 2474 744 2554 spi
755 2495 782 2536 et
792 2479 925 2554 promissi

252 2577 385 2625 memor,
396 2557 463 2615 dunt
474 2556 563 2614 acrius
573 2575 658 2630 qnam
669 2554 776 2616 cautius
789 2558 923 2632 dimicat,

250 2635 399 2696 confossus
409 2635 530 2711 undique
541 2634 679 2694 obruitur.
694 2635 791 2709 Quem
802 2659 832 2697 ut
843 2636 923 2700 Cha·

252 2737 299 2775 rus
321 2714 458 2784 iacentem
477 2715 645 2791 conspexit,
663 2733 743 2773 ruere
760 2716 788 2775 in
810 2717 923 2782 bostem

252 2795 384 2855 omnium
399 2812 494 2871 praeter
503 2796 643 2853 ultionem
653 2794 808 2855 immemor
817 2801 924 2877 coepitg

252 2875 414 2950 multosque
432 2872 531 2941 basta,
553 2870 688 2950 q'uosdam
706 2875 802 2954 gladio
819 2878 925 2940 interc-

252 2954 320 3036 mit.
330 2954 384 3028 Sed
395 2975 463 3014 curn
472 2970 516 3014 tot
526 2974 614 3016 unum
624 2954 794 3022 incesserent
804 2978 927 3034 manus.
