2625 4017
413 546 600 611 LIBER
646 550 738 613 111.
862 570 913 629 ¹53

250 646 327 724 quit,
343 642 452 707 Darius
465 646 570 727 aliquid
582 672 618 712 eat
628 649 680 710 lac
694 646 787 710 indole
801 647 917 711 hausis-

249 745 289 785 aet
301 734 314 785 !
327 725 407 785 Tum
417 729 600 789 tabernaculo
610 750 751 810 egressus,
761 729 848 791 tribus
860 731 916 790 aris

249 804 276 863 in
294 805 356 881 ripa
373 805 467 867 Pinari
479 808 589 876 amnis,
605 808 674 875 Jovi
692 826 774 887 atquc
791 806 915 869 Herculi

249 885 440 961 Minervaque
457 889 590 956 sacratis,
611 887 721 964 Syriam
738 888 830 963 petits
850 884 918 950 Da·

248 984 376 1053 marcum
388 1002 398 1032 ‚
410 964 458 1024 ubi
467 965 540 1044 regis
549 986 620 1045 gaza
631 986 711 1035 crat,
724 966 914 1028 Parmeniona

247 1063 401 1119 praemisso.

282 1120 362 1180 Car.
374 1119 460 1182 xm.
481 1121 576 1198 Atque
595 1123 640 1193 is,
661 1144 728 1184 cum
745 1122 914 1200 praecessisse

248 1198 335 1261 Darii·
348 1218 490 1277 satrapam
513 1203 695 1279 comperisset
716 1221 727 1272 ἦ
749 1200 852 1265 veritus
877 1220 916 1264 na

247 1280 370 1354 paucitas
379 1300 496 1339 suorum
506 1299 698 1357 sperneretur,
707 1300 844 1341 arcessere
853 1300 916 1340 ma·

247 1356 335 1433 iorem
347 1379 467 1418 manum
477 1360 583 1422 statuit.
594 1360 647 1420 Sed
658 1359 731 1419 forte
739 1360 769 1418 in
779 1360 922 1436 explora*

247 1453 317 1496 tores
333 1439 370 1497 ab
385 1456 421 1496 eo
432 1438 585 1511 praemissos
596 1438 694 1519 incidit
705 1438 820 1499 natione
831 1438 913 1499 Mar·

246 1514 309 1583 dus,
325 1515 376 1591 qui
389 1514 422 1573 ad
433 1515 653 1577 Parmenionem
663 1516 831 1593 perductus,
850 1517 916 1576 lite·

246 1614 284 1652 ras
307 1594 344 1660 ad
365 1594 562 1655 Alexandrum
584 1611 603 1655 a
624 1595 756 1672 praefecto
778 1593 914 1656 Damasci

247 1673 340 1732 missas
359 1670 445 1733 tradit
462 1673 514 1745 eir
532 1692 582 1733 uec
601 1670 725 1746 dubitare
744 1690 804 1731 eum
820 1710 830 1740 ‚
849 1672 915 1749 quin

248 1769 350 1810 ornnem
373 1750 479 1829 regiam
499 1750 697 1831 supellectilem
719 1770 778 1811 cum
797 1749 915 1829 pecunia

247 1826 384 1899 traderer,
408 1830 521 1909 adjecit.
544 1830 698 1891 Parmenio
720 1828 860 1891 asservari
882 1848 914 1896 ea

247 1906 341 1984 jusso,
361 1909 457 1969 literas
474 1910 562 1986 aperit
576 1932 584 1971 :
600 1908 630 1968 in
641 1911 740 1986 quibus
749 1926 810 1969 erat
821 1908 912 1987 scrip·

247 2004 326 2060 tum;
346 2004 492 2047 armature
505 1985 668 2049 Alexander
682 1986 799 2066 aliquem
813 2007 848 2049 ex
860 1986 915 2047 du·

248 2065 320 2125 tibus
331 2066 393 2125 suis
406 2064 547 2135 mitteret,
565 2086 626 2125 cum
638 2086 717 2125 manu
729 2065 841 2145 exigua.
855 2067 913 2126 Ita-

247 2164 295 2220 que
316 2163 348 2203 re
369 2145 504 2225 cognita,
526 2144 658 2205 Mardum
675 2146 744 2205 datis
762 2143 915 2206 comitibus

247 2224 275 2282 ad
285 2223 465 2300 proditorem
476 2223 606 2285 remittit.
616 2224 668 2284 Ille
682 2224 838 2283 erratibus
851 2244 916 2283 cus·

247 2301 416 2363 audientium
426 2304 538 2380 lapsus,
555 2302 732 2363 Damascum
743 2318 807 2361 ante
817 2302 913 2362 lucem

246 2379 338 2442 intrat.
357 2381 535 2443 Turbaverat
545 2402 579 2442 ea
589 2401 631 2441 res
642 2380 838 2441 Parmenionis
849 2377 913 2437 ani-

246 2479 348 2528 mum,
370 2459 482 2521 insidias
500 2460 647 2530 timentis;
668 2476 697 2519 et
711 2459 841 2537 ignorum
859 2457 913 2518 iter

246 2541 301 2598 sine
320 2540 394 2599 duce
412 2560 472 2599 non
489 2541 608 2600 audebat
626 2538 734 2617 ingredi
754 2559 764 2597 t
785 2534 915 2598 felicitati

246 2636 340 2677 tamen
352 2620 425 2697 tegis
436 2618 479 2679 sui
489 2618 627 2685 conlisus,
644 2634 791 2705 agrestes,
804 2612 849 2684 nui
863 2613 914 2673 du-

246 2715 289 2755 ces
309 2695 553 2765 inmutassent,
577 2694 669 2773 excipi
692 2693 782 2772 jttssit.
802 2690 915 2769 Quibus

245 2774 373 2835 celeriter
382 2774 518 2854 repertis,
534 2791 634 2851 quarto
644 2773 689 2833 die
700 2772 733 2832 ad
742 2774 839 2851 urbem
851 2791 916 2846 per-2

245 2855 339 2913 venit:
354 2853 413 2930 jam
424 2870 567 2913 metuente
577 2853 727 2930 praelecto,
739 2871 774 2911 ne
785 2851 835 2909 sibi
846 2848 916 2912 fidet

246 2926 338 2995 habita
350 2952 411 2993 non
424 2949 510 2995 esset·
519 2932 607 3014 igitur
616 2931 693 3009 quasi
702 2952 802 3008 patum
815 2928 914 2991 muni-
