2625 4017
436 626 495 679 ‘142
604 601 652 683 Q.
685 599 933 666 -CUR'rll

434 704 514 782 .jor‚
535 704 673 766 exercitus
691 703 784 780 impar
804 722 946 771 numero,
969 701 1016 763 sed
1035 701 1111 785 jugis

439 784 584 845 montium
602 783 741 859 vastisque
765 783 879 842 saltibus
906 802 1108 859 repercussus-t

440 863 544 941 quippe
557 881 669 941 semper
685 861 870 939 circumjecta
885 880 1005 922 nemora
1023 881 1110 939 petrae

442 962 497 1018 que
513 981 524 1012 ,
542 958 800 1019 quantamcumque
815 935 953 1016 accepere
976 962 1109 1013 vocem,

440 1022 631 1099 multiplicato
642 1040 715 1080 sono
723 1019 856 1080 referunt.
867 1021 1032 1081 Alexinder
1040 1039 1108 1082 ante

440 1101 532 1177 prima
553 1100 631 1180 signa
652 1100 739 1167 ibat,
761 1098 912 1160 identidem
931 1121 1020 1161 manu
1041 1122 1109 1161 suos

438 1179 588 1251 inhibens3
605 1198 642 1239 ne
661 1179 802 1254 suspensi,
820 1178 909 1238 acrius
928 1183 965 1239 ob
983 1179 1108 1240 nimiam

432 1259 651 1319 ·festinationem
670 1258 815 1317 concitato
833 1257 950 1333 spiritu,
971 1278 1105 1336 capesse-

432 1355 501 1398 -rent
512 1338 630 1398 bellum.
642 1334 775 1413 Cumque
787 1357 890 1415 agmen
903 1338 1103 1414 obequitaret,

433 1416 514 1478 ¹varia
526 1415 676 1485 oratione,
693 1434 724 1474 ut
739 1416 874 1493 cujusque
883 1417 987 1476 animis
1002 1435 1104 1494 aptum

434 1512 521 1565 erat,
545 1494 650 1553 milites
676 1495 882 1571 alloquebatur.
904 1494 1103 1565 Macedones,

434 1590 476 1634 sot
495 1570 622 1633 beliorum
636 1570 666 1630 in
686 1568 795 1652 Europa
811 1572 948 1641 victores,
969 1573 1005 1634 ad
1024 1574 1104 1634 subi·

431 1650 552 1733 gendam
567 1650 667 1711 Asiam
684 1670 763 1728 atque
774 1649 871 1711 ultima
880 1649 1033 1722 Orientis,
1047 1674 1103 1713 non

434 1731 525 1812 ipsius
532 1729 646 1810 magis,
662 1749 741 1807 quam
754 1750 802 1789 suo
814 1729 896 1791 ductu
904 1732 1043 1809 profecti,
1057 1732 1102 1792 in·

433 1828 564 1873 veteratae
583 1808 698 1869 virtutis
710 1809 944 1873 admonebantur.
956 1809 1025 1871 Illos
1043 1829 1103 1872 ter-

433 1909 527 1949 rarum
544 1887 618 1948 orbis
638 1885 820 1957 liberatores,
842 1909 1016 1968 emensosque
1033 1889 1101 1951 olim

433 1965 566 2028 Herculis
585 1981 612 2026 et
633 1962 730 2026 Liberi
749 1966 838 2045 patris
853 1968 1010 2038 terminos,
1044 1990 1099 2030 non

431 2043 531 2106 Persis
548 2044 642 2114 modo,
660 2043 710 2104 sed
727 2044 810 2106 eriam
827 2046 950 2107 amnibus
966 2047 1099 2126 gentibus

430 2123 607 2204 imposituros
619 2124 734 2202 jugum:
749 2123 933 2185 Macedonum
949 2126 1054 2187 Bactra
1071 2143 1099 2188 et

430 2201 517 2264 Indos
523 2202 599 2280 fore.
610 2203 734 2263 Minima
747 2224 829 2274 esse,
849 2225 907 2283 quae
917 2227 989 2266 nunc
1001 2205 1099 2267 intue-

432 2300 557 2352 rentur,
582 2280 633 2342 seri
659 2282 751 2342 omnia
772 2282 871 2344 uictori
916 2284 1002 2348 arari.
1026 2284 1098 2347 Non

429 2361 574 2443 praeruptis
588 2360 680 2442 petris
691 2359 844 2443 Illyriorum
859 2379 886 2423 et
922 2363 1028 2426 braciae
1044 2386 1097 2426 sa·

430 2440 480 2502 osis
500 2439 623 2502 sterilem
642 2439 759 2500 laborem
775 2440 872 2517 fore;
898 2441 988 2523 spolia
1008 2444 1095 2504 totius

428 2516 557 2580 Orientis
574 2516 677 2599 offerri.
691 2517 748 2582 Viro
758 2519 854 2600 gladio
861 2519 987 2596 fusurum
1003 2541 1095 2601 opust

421 2615 513 2660 soram
530 2598 619 2660 aciem
630 2619 679 2660 suo
690 2619 789 2678 patore
792 2600 977 2679 fluctuantem
995 2600 1093 2662 umbo-

427 2677 509 2738 nibus
522 2698 605 2758 posse
622 2677 746 2757 propelli.
758 2675 857 2741 Victor
875 2678 911 2739 ad
929 2677 987 2740 baec
1004 2679 1095 2742 Arbe-

427 2756 567 2817 niensium
599 2755 745 2839 Philippus
769 2776 847 2837 pater
877 2759 1092 2821 invocabatur:

438 2836 587 2915 ‘amitaeque
603 2856 686 2917 nuper
703 2836 816 2896 Boeotiae
833 2858 844 2908 ,·
868 2854 894 2897 et
919 2837 993 2897 urbis
1012 2838 1043 2898 irs
1057 2859 1092 2899 ea

437 2911 606 2977 '¹⁰⁶1issimae
625 2914 661 2976 ad
678 2914 765 2975 solum
788 2915 903 2985 dirutae,
918 2917 1025 2995 species
1041 2938 1090 2978 re·

436 2994 640 3065 praesagabatur
651 2994 838 3065 ariminium
856 2994 1009 3062 Granicum
1028 3017 1091 3066 arne
