2625 4017
425 560 430 568 ’
504 568 695 635 Linea
734 570 845 637 Vll.
952 586 1008 655 367

336 681 562 752 'camporumque
573 694 632 732 non
648 674 705 734 alia
718 692 803 752 quam
816 671 887 735 vasti
902 685 931 733 et
941 693 1009 751 pro-

334 755 415 815 fundi
432 753 550 830 equoris
567 754 672 829 species
687 770 738 814 est.
756 749 939 814 Nocturnum
955 754 1008 814 iter

336 834 486 894 tolerabile
503 832 650 895 videbatur
660 875 671 903 ,
692 832 758 910 quia
777 852 841 892 rore
860 850 889 893 et
909 851 1006 894 matu-

333 913 396 972 tino
415 912 520 993 frigore
536 932 657 989 corpora
674 913 851 974 levabantur.
867 910 1006 972 Ceterum

335 1006 403 1051 cum
425 992 484 1068 ipsa
505 992 569 1051 luce
588 1011 667 1051 aestus
687 991 776 1051 oritur
798 1013 807 1051 t
831 1004 1006 1067 omnemque

335 1072 493 1130 naturalem
505 1073 634 1130 absorbet
643 1069 795 1131 humorem
805 1070 914 1130 siccitas
925 1090 934 1140 3
953 1089 1006 1129 ora

332 1149 495 1227 visceraque
506 1149 616 1225 penitus
628 1163 756 1209 uruntur.
772 1149 869 1227 ltaque
880 1150 1005 1225 primum

333 1230 444 1301 animi3
460 1228 560 1288 deinde
576 1245 696 1306 corpora
712 1226 831 1289 deficere
847 1244 1005 1305 coeperunt·

331 1304 451 1389 Pigebat
472 1325 501 1368 et
526 1307 680 1368 consistere
700 1324 729 1367 et
748 1307 892 1388 progredi.
915 1303 1004 1366 Pauci

331 1408 349 1447 at
379 1386 476 1464 peritis
499 1386 623 1468 regionis
650 1386 790 1447 admoniti
816 1397 1005 1465 praepararant

330 1485 447 1543 aquam.
475 1465 546 1527 Haec
571 1463 713 1543 paulisper
738 1466 867 1543 repressit
892 1464 968 1524 sitim
992 1479 1004 1524 t

330 1544 432 1606 deinde
453 1564 595 1605 crescente
616 1562 683 1605 aestu
703 1565 813 1605 rursum
831 1542 1003 1604 desiderium

329 1622 457 1685 humoris
471 1639 622 1685 accensum
636 1642 689 1684 est.
707 1623 783 1703 Ergo
795 1623 926 1699 quidquid
941 1620 1002 1682 vini

327 1704 444 1782 oleique
455 1720 534 1770 erat,
549 1701 712 1762 hominibus
722 1702 922 1783 ingerebatur;
938 1716 1003 1760 tan-

328 1798 412 1874 taque
424 1780 545 1842 dulcedo
560 1781 674 1842 bibendi
684 1780 757 1849 fuit,
771 1783 840 1841 utin
852 1797 1000 1857 posterum

327 1862 386 1921 sins
406 1882 466 1922 non
485 1860 642 1922 timeretur.
660 1858 772 1920 Graves
792 1860 893 1921 deinde
916 1857 1001 1919 avide

327 1939 429 2001 hausto
448 1940 568 2003 humore
586 1961 644 2001 non
663 1939 797 2000 sustinete
813 1960 914 2008 arma,
938 1955 1000 1997 non

326 2019 436 2101 ingredi
447 2038 599 2098 poterant;
616 2039 644 2081 et
653 2019 795 2095 feliciores
808 2019 998 2086 videbantur,

324 2120 398 2177 quos
413 2119 486 2177 aqua
497 2101 658 2167 defecerat,
681 2120 748 2160 cum
764 2099 817 2178 ipsi
833 2100 893 2158 sine
906 2096 997 2157 modo

326 2178 449 2239 infusam
470 2180 581 2239 vomitu
601 2196 773 2255 cogerentur
788 2196 912 2257 egerere.
930 2178 997 2235 An·

324 2259 406 2317 aium
415 2277 510 2336 regem
519 2257 602 2317 tantis
610 2253 996 2324 malis‚circumfusiamici·‚

324 2355 355 2398 ut
366 2334 539 2399 meminisset
548 2336 614 2404 sui,
629 2338 767 2406 orabant3
782 2333 868 2394 animi
879 2332 922 2393 sut'
936 2351 997 2392 ma·

318 2413 498 2497 gnitudinem
524 2415 634 2476 unicum
664 2411 823 2475 remedium·
837 2409 995 2492 deficientit

322 2494 464 2556 exercitus
477 2511 539 2554 esse
552 2522 562 2555 .-
575 2514 642 2555 cum
653 2514 691 2554 ex
704 2494 759 2564 iis,
780 2492 828 2570 qui
846 2508 996 2570 praecesse·

322 2592 387 2635 rant
403 2574 436 2634 ad
448 2575 617 2651 capiendum
626 2576 724 2634 locum
735 2574 849 2643 castris,
866 2571 923 2631 duo
940 2585 994 2631 oe*

321 2672 439 2715 currunt
457 2654 563 2715 utribus
583 2674 687 2731 aquam
703 2669 842 2734 gestantes
852 2692 864 2721 ,
883 2667 916 2711 ut
928 2648 996 2710 filiis

320 2734 396 2803 suis,
413 2755 485 2811 quos
498 2735 527 2793 in
541 2734 644 2794 eodem
654 2731 769 2813 agmine
781 2749 861 2800 esse,
878 2747 907 2789 et
920 2746 994 2810 aegre

318 2812 379 2890 pati
395 2814 471 2873 sitim
494 2833 554 2873 non
573 2814 764 2896 ignorabant,
786 2824 991 2887 occurrerentt

318 2892 369 2968 qui
384 2912 450 2957 cum
462 2893 492 2952 in
505 2913 602 2975 regem
612 2891 773 2954 incidissent
786 2910 796 2963 ς
817 2889 889 2949 alter
902 2908 939 2949 ex
955 2887 992 2951 in

314 2988 379 3041 utre
396 2973 546 3045 resoluto,
565 2993 615 3041 tas
629 3012 640 3047 ,
656 2966 734 3055 quod
753 2970 844 3133 sign?l
854 2968 993 3081 ferebat,

859 3087 891 3141 Π.
