2625 4017
507 594 702 661 LIBER
743 594 818 663 IV.
943 616 994 682 173

319 696 402 759 tibus
421 699 534 782 navigia
558 700 679 761 classicis
701 700 807 761 cessit:
825 699 997 779 appulsaque

327 797 393 839 sunt
403 780 481 840 litori
493 820 503 849 ‚
523 782 644 840 lacerata
654 781 797 857 pleraque.
821 781 923 840 lisdem
935 782 997 839 die·

327 860 379 917 bus
398 858 473 919 forte
489 858 755 939 Carthaginensium
777 860 861 940 legati
883 860 998 941 triginta

326 939 550 1014 superveniunt,
580 939 670 1012 majus
691 939 805 999 obsessis
827 939 960 998 solatium
982 952 995 1008 ',

325 1037 412 1091 quarn
433 1018 572 1077 auxilium
595 1041 604 1076 s
629 1018 733 1094 quippe
754 1016 903 1076 domestico
924 1016 995 1077 bello

324 1092 428 1154 Paenos
445 1094 593 1175 impediri,
618 1116 670 1154 nec
684 1093 717 1152 de
731 1094 867 1174 imperio,
886 1094 935 1154 sed
946 1115 997 1175 pro

319 1172 418 1234 'selme
449 1172 584 1235 dimicare
618 1174 796 1235 nuntiabant.
827 1174 995 1251 Syracusani

324 1271 392 1313 tunc
410 1252 539 1313 Africam
560 1256 723 1333 urgebanr3
748 1270 776 1313 et
796 1252 870 1313 haud
894 1254 995 1331 procul

324 1332 505 1413 Carthaginis
515 1334 601 1393 muris
618 1333 784 1392 locaverant
798 1350 898 1394 castra.
921 1332 993 1393 Non

324 1429 421 1471 tamen
440 1412 566 1471 defecere
583 1412 684 1470 animis
706 1411 808 1488 Tyrii,
829 1432 992 1489 quanquam

323 1494 359 1549 ab
369 1490 479 1572 ingenti
491 1511 538 1565 spe
551 1490 674 1550 destituti
685 1510 762 1549 erant
774 1513 783 1561 ;
796 1491 841 1550 sed
855 1492 992 1571 conjuges

322 1571 482 1646 liberosque
498 1568 676 1629 devehendos
687 1568 790 1629 Cartha
813 1570 890 1629 inens
905 1572 993 1633 tradi·

323 1649 425 1709 derunt
436 1672 444 1708 s
456 1649 555 1709 fortius
572 1648 704 1725 quidquid
722 1591 861 1707 accidgeret
875 1650 958 1708 laturi
978 1690 989 1717 ,

321 1729 345 1787 si
363 1729 537 1788 carissimam
550 1729 591 1788 sui
608 1745 718 1803 partem
734 1743 813 1786 extra
830 1728 992 1787 communis
1075 1796 1091 1807 ⁶

320 1808 441 1885 periculi
459 1826 565 1866 sortem
580 1806 752 1866 habuissent.
772 1807 902 1882 Cumque
919 1828 990 1867 unus

321 1907 338 1947 e
350 1886 459 1947 civibus
471 1888 605 1946 concioni
617 1886 781 1955 indicasset,
799 1882 915 1945 oblatam
928 1906 990 1947 esse

315 1980 368 2045 per
386 1984 510 2024 somnum
527 1964 581 2024 sill
598 1964 718 2044 speciem
729 1962 890 2045 Apollinis,
905 1983 990 2043 quem

320 2045 426 2105 eximia
438 2044 577 2126 religione
588 2045 715 2104 colerent
726 2086 736 2113 ,
754 2042 844 2102 urbem
862 2043 991 2103 deseren-

317 2123 387 2194 tis,·
412 2121 560 2201 molemque
582 2144 598 2182 a
615 2121 817 2182 Macedonibus
832 2121 938 2201 jactam
959 2123 990 2183 in

285 2260 288 2264 ,
318 2200 403 2270 solo,
425 2201 454 2261 in
471 2200 626 2262 silvestrem
637 2200 738 2261 saltum
752 2221 814 2261 este
831 2219 989 2262 muratam.-

318 2302 481 2358 quanquam
494 2300 593 2341 auctor
603 2282 674 2341 levis
684 2286 763 2351 erat',
781 2297 877 2339 tamen
889 2282 923 2341 ad
934 2282 987 2340 de·

318 2360 425 2420 teriora
436 2362 573 2419 credenda
583 2361 666 2437 proni
677 2378 754 2419 metu
767 2397 777 2426 ,
793 2378 876 2416 aurea
886 2376 988 2419 catena

317 2440 472 2499 devinxere
484 2440 667 2500 simulacrum
680 2477 689 2505 ‚
706 2455 814 2514 araeque
831 2435 987 2507 Herculis,

317 2520 398 2595 cujus
410 2519 520 2578 numini
534 2520 632 2578 urbem
643 2515 826 2584 dicaverant,
847 2515 988 2578 inseruere

314 2598 485 2669 vinculum3
504 2598 581 2673 quasi
597 2597 649 2656 illo
667 2597 734 2656 Deo
755 2594 925 2672 Apollinem
940 2616 988 2655 re·
1057 2627 1062 2635 ·

315 2675 433 2737 centuri.
455 2676 596 2754 Syracusis
615 2676 642 2734 id
660 2676 842 2735 simulacrum
858 2673 985 2734 devexe-

315 2768 379 2815 rant
394 2755 492 2826 Poeni,
505 2755 573 2814 etin
584 2755 694 2829 majore
703 2756 869 2819 locaverant
879 2753 986 2830 patriar

314 2834 469 2911 multisque
491 2835 554 2894 aliis
573 2833 827 2909 spoliisurbium,
858 2855 874 2893 a
896 2848 988 2893 semet

315 2927 482 2989 captarum,
494 2934 552 2971 non
565 2913 768 2994 Carthaginem
780 2911 887 2992 magis,
898 2934 985 2988 quam

316 2991 427 3072 Tyrum
437 3005 619 3058 ornaverant.
630 2993 748 3057 Sacrum
759 3011 891 3072 quoque,
908 2992 986 3070 quod

794 3090 863 3171 Piij
