2625 4017
450 545 647 611 LIBER
686 548 730 614 XC
864 559 925 631 '543'

249 646 298 712 illi
311 668 393 731 reges
406 648 515 712 Darius
529 671 555 709 et
568 646 682 709 Xerxes
694 665 733 709 tat
746 647 861 709 millium
873 669 926 729 ag-

250 728 402 799 minibus,
426 726 725 809 tantisqueclassibus
745 728 934 808 nequidquam.

245 808 419 891 petiverunt.
432 808 501 868 Mea
511 808 650 867 sententia
663 807 721 867 lraec
733 825 795 877 est,
818 826 847 866 ut
859 808 926 869 sede

248 886 409 949 Alexandri
421 886 450 947 in
461 887 539 967 regia
547 888 658 967 posita,
672 886 717 964 qui
727 885 855 945 consiliis
866 886 927 965 ejus

248 963 472 1035 adhibebantur,
491 978 588 1025 coeant
597 1007 607 1035 ,
628 966 734 1043 quoties
745 965 774 1024 in
782 972 927 1027 'conrnune

248 1044 377 1107 consulto
400 1064 466 1125 opus
480 1043 571 1119 fuerit
590 1070 600 1105 .·
622 1064 726 1122 eoque,
750 1043 819 1121 quod
841 1047 928 1123 major

244 1143 318 1206 pars
332 1143 420 1183 eorum
433 1123 600 1192 decreverit,
614 1140 712 1182 stetur.
725 1122 840 1191 Duces,
851 1144 927 1203 pra·

239 1201 372 1282 fictique
393 1204 533 1283 copiarum
553 1202 598 1261 his
616 1219 744 1279 pareant.
767 1202 927 1264 Ptolemaeo

248 1282 387 1359 quidam,
408 1283 533 1359 potiores
544 1282 683 1341 Perdiccae
694 1282 927 1346 ementiebantur·

249 1362 333 1423 Tum
345 1362 494 1421 Aristonus
511 1382 589 1420 orsus
606 1379 646 1418 est
663 1361 776 1428 dicere,
797 1358 928 1421 Alexan·

249 1438 333 1500 dnum
349 1438 522 1508 consultum,
545 1437 591 1507 cui
608 1437 773 1515 relinqueret
788 1460 900 1519 regnam
915 1477 929 1518 ,

247 1516 374 1582 valuisse
392 1518 523 1598 optimum
540 1517 638 1594 deligi.
661 1516 821 1584 ludicatum
836 1533 928 1578 aurem

248 1595 288 1658 ab
306 1598 367 1676 ipso
386 1597 514 1679 optimum
529 1594 710 1666 Perdiccan,
732 1596 777 1655 cui
795 1596 926 1657 annulum

248 1674 430 1739 tradidisset.
457 1675 555 1755 Neque
574 1676 646 1736 enirn
666 1695 746 1734 unum
767 1695 827 1735 curn
846 1696 927 1738 arses·

248 1754 331 1815 disse
346 1755 497 1825 marienri;
516 1752 565 1813 sed
581 1753 814 1829 circumferentem
833 1753 928 1828 oculas

249 1855 290 1894 ex
303 1832 383 1894 turba
394 1835 543 1893 amicorum
554 1830 714 1910 delegisse,
736 1833 779 1891 cui
792 1833 926 1897 traderet.

247 1910 371 1973 Placere
390 1913 499 1992 igitur,
522 1932 654 1974 summurn
674 1911 780 1993 imperii
799 1911 835 1970 ad
853 1911 927 1973 Per·

248 1990 352 2051 diccan
364 1991 477 2067 deterri.
489 1991 552 2051 Nec
568 1992 752 2060 dubitavere,
774 1994 842 2069 quin
857 1995 926 2053 verti

247 2089 389 2131 censeret.
408 2074 508 2147 Itaque¹
522 2072 645 2130 universi
661 2069 805 2148 procedere
818 2071 846 2129 in
865 2091 926 2130 are·

248 2148 328 2209 diurn
345 2148 526 2217 Perdiccan,
547 2166 574 2207 et
590 2148 666 2226 regis
684 2147 812 2207 annulum
830 2147 926 2209 tollere

247 2230 398 2310 jubebant.
410 2229 542 2289 Haerebat
554 2229 626 2285 inter
637 2228 820 2304 cupiditatem
833 2230 926 2305 pudo-

247 2325 390 2385 remque,
412 2327 507 2384 etqua
520 2307 692 2375 modestius,
714 2308 788 2384 quod
801 2321 927 2384 exspem·

248 2390 345 2455 tabat,
356 2405 514 2466 appeteret,
524 2386 698 2463 pervicacius
709 2388 854 2445 oblaturos
865 2406 925 2447 csse

247 2468 394 2528 credebar.
419 2468 516 2542 Itaque
534 2483 685 2533 cantatus,
708 2467 835 2541 diuque,
856 2463 924 2542 quid

248 2563 348 2625 ageret
360 2545 502 2619 incertus;
520 2546 553 2607 ad
567 2544 702 2610 ultimum
716 2563 811 2605 tamen
829 2564 925 2605 reces-

246 2627 312 2693 sit,
334 2643 363 2685 et
380 2644 533 2702 poeseos,
556 2624 604 2699 qui
627 2624 756 2684 sederant
775 2624 926 2701 proximi,¹
967 2689 971 2697 ,

245 2705 387 2767 constitit.
396 2707 437 2763 At
451 2705 597 2783 Meleager
607 2724 678 2762 unus
694 2725 710 2763 e
723 2705 838 2764 ducibus
849 2724 923 2762 con-

245 2785 365 2846 firmato
386 2785 507 2852 animo,
526 2803 612 2860 quem
632 2783 771 2861 Perdiccae
792 2783 923 2854 contario

247 2878 406 2929 erexerat,
430 2882 480 2921 nec
504 2860 560 2922 Dii
584 2859 730 2932 siverint,
752 2861 866 2937 inquit,
892 2877 925 2921 ut

244 2939 541 3033 Alexandrifortuna,
554 2939 677 3028 santique
688 2939 924 3024 regnifartiginas
