2625 4017
426 621 481 677 140
590 600 633 682 Q.
673 600 913 666 CURTI‘I

460 703 539 767 Cre.
548 701 604 767 lX.
615 705 702 765 Acies
714 725 810 766 autem
820 705 878 767 hoc
891 702 980 766 modo
993 704 1082 769 stetit.

420 784 604 845 Nabarzanes
621 785 746 860 equitatu
764 787 895 845 dextrum
913 806 1002 846 cornu
1020 805 1084 847 tue·

420 866 500 924 batur
510 904 520 932 ‚
531 863 629 924 additis
637 865 810 925 funditorum
818 866 1084 945 sagittariorumque

418 943 521 1024 viginti
533 943 591 1002 fere
602 943 737 1004 millibus.
750 945 782 1003 ln
794 944 897 1004 eodem
914 943 1083 1021 Thymodes

419 1039 480 1082 erat
495 1020 603 1082 Graecis
625 1023 761 1099 peditibus
782 1024 911 1084 mercede
934 1024 1083 1083 conductis

420 1101 533 1182 triginta
543 1102 668 1163 millibus
676 1103 847 1180 praepositus.
860 1103 927 1163 Hoc
937 1121 996 1162 erat
1006 1102 1082 1162 haud

419 1180 535 1242 dubium
548 1184 635 1242 robur
649 1183 804 1252 exercitus,
822 1202 873 1258 par
887 1183 1082 1242 Macedonicae

419 1259 555 1341 phalangi
565 1262 648 1320 acies.
660 1263 691 1321 ln
703 1263 776 1321 laevo
788 1281 878 1321 cornu
887 1260 1082 1321 Aristomedes

398 1353 400 1358 ’
420 1338 572 1400 Thessalus
587 1340 690 1418 viginti
700 1341 790 1399 millia
800 1343 983 1399 barbarorum
999 1341 1081 1417 pedi·

359 1489 361 1493 ,
418 1435 480 1480 rum
500 1418 631 1479 habebat.
654 1421 688 1478 ln
711 1419 835 1480 subsidiis
862 1420 1083 1497 pugnacissimas

416 1500 562 1559 locaverat
578 1516 688 1577 gentes.
702 1501 797 1576 lpsum
812 1518 910 1576 regem
927 1500 957 1557 in
976 1500 1081 1559 eodem

415 1598 505 1639 cornu
523 1579 722 1638 dimicaturum
734 1578 785 1637 tria
797 1577 887 1636 millia
904 1577 1082 1639 delectorum

415 1657 564 1735 equitum,
578 1676 684 1719 assueta
695 1656 821 1734 corporis
830 1656 978 1726 custodie,
988 1677 1081 1735 etpe-

416 1736 512 1798 destris
525 1738 599 1798 acies
612 1738 795 1818 quadraginta
812 1735 903 1795 millia
922 1740 1080 1812 sequeban-

415 1835 472 1880 tur.
483 1816 610 1892 Hyrcani
621 1817 739 1885 deinde,
754 1814 886 1890 Medique
898 1818 1024 1891 equites:
1036 1815 1079 1877 his

414 1895 538 1974 proximi
557 1913 714 1955 ceterarum
730 1895 876 1975 gentium,
895 1894 989 1954 dextra
1007 1897 1080 1957 laeva

416 1994 471 2053 que
489 1973 625 2051 dispositi.
645 1974 714 2034 Hoc
732 1992 857 2053 agmen,
879 1974 949 2034 sicut
970 1975 1079 2035 dictum

415 2072 456 2114 est
473 2094 482 2122 ,
498 2053 686 2121 instructum,
707 2073 755 2113 sex
776 2054 867 2113 millia
889 2053 1080 2124 iaculatorum

412 2134 642 2210 funditorumque
660 2132 871 2195 antecedebant.
884 2130 1031 2209 Quidquid
1047 2134 1079 2193 in

412 2211 469 2271 illis
494 2213 627 2293 angustiis
649 2212 719 2271 adiri
737 2228 869 2289 poterat,
890 2212 1080 2289 impleverant

414 2293 525 2370 copiae3
543 2312 705 2367 cornuaque
723 2291 790 2350 hinc
812 2312 829 2350 a
849 2291 938 2371 jugo,
961 2291 1043 2352 illinc
1060 2314 1079 2353 a

412 2373 485 2432 mari
505 2374 613 2432 stabant
625 2392 635 2443 ς
648 2392 770 2430 uxorem
787 2388 962 2447 matremque
981 2372 1079 2453 regis,

413 2471 442 2512 et
461 2452 549 2512 alium
572 2451 744 2511 feminarum
765 2470 882 2531 gregem
900 2449 929 2507 in
948 2451 1079 2511 medium

412 2552 515 2612 agmen
528 2548 704 2606 acceperant.
715 2530 878 2589 Alexander
888 2529 1082 2610 phalangem,

411 2631 466 2687 qua
485 2607 558 2671 nibil
574 2609 645 2687 apud
664 2609 838 2669 Macedonas
856 2609 974 2669 validius
993 2627 1054 2671 erar
1066 2649 1082 2680 s

411 2688 441 2749 in
451 2691 543 2749 fronte
559 2688 713 2748 constituit.
724 2689 866 2748 Dextrum
883 2709 972 2748 cornu
983 2688 1080 2751 Nica·

411 2789 466 2829 nor
475 2769 671 2828 Parmenionis
681 2767 754 2827 filius
765 2769 892 2826 tuebatur
904 2792 912 2827 r
925 2766 989 2826 huic
1005 2790 1079 2845 pro·

411 2849 481 2909 nimi
493 2847 716 2909 stabantCoenos
727 2888 737 2914 ,
750 2864 779 2906 et
789 2846 950 2914 Perdiccas,
969 2864 998 2907 et
1007 2848 1076 2909 Me-

408 2929 527 3006 leager,
554 2940 583 2984 er¹
600 2926 786 2996 Ptolemaeus,
806 2942 835 2985 et
848 2926 987 3003 Amyntas
1003 2968 1019 2995 ,s
1031 2927 1081 2987 sui

410 3009 526 3087 quisque
541 3006 661 3087 agminis
679 3006 777 3070 duces.
785 3007 818 3066 ln
832 3006 928 3076 laevo,
943 3006 1019 3084 quod
1040 3006 1084 3078 adt,
