2625 4017
379 539 468 618 '204
564 542 637 626 Q.
679 490 916 608 CUst

410 645 552 728 gemitus:
565 646 744 724 lacrimisque
760 648 888 716 obortis,
906 645 1001 724 quales
1016 645 1082 707 Da·

409 729 467 786 rius
476 726 663 803 profudisset,
680 726 710 785 in
726 727 961 795 tabernaculum,
980 727 1010 785 in
1022 747 1082 802 quo

408 823 502 865 mater
518 822 579 865 erat
594 804 700 875 Darii,
721 803 855 865 defuncto
876 805 995 865 assidens
1012 824 1082 864 eor·

407 884 494 961 pori,
518 885 607 946 venit.
620 884 680 945 Hic
692 904 762 945 vero
779 904 931 945 renovatus
946 901 988 943 est
1004 901 1083 942 moe-

408 984 486 1032 ror,
511 980 543 1024 ut
563 980 730 1042 prostratam
756 961 834 1023 humi
855 963 934 1025 vidit.
960 962 1084 1023 Recenti

408 1044 489 1102 malo
499 1043 627 1119 priorum
639 1062 752 1119 quoque
761 1042 925 1110 admonita,
937 1059 1083 1118 receperat

408 1120 440 1179 in
451 1122 594 1202 gremium
609 1121 716 1183 adultas
731 1121 876 1199 virgines,
895 1140 1000 1199 magna
1018 1122 1082 1197 qui·

411 1201 477 1260 dem
494 1201 586 1262 mutui
597 1200 706 1261 doloris
716 1200 816 1259 solatia
829 1222 839 1273 3
850 1200 901 1259 sed
912 1201 1011 1276 quibus
1022 1201 1082 1276 ipsa

408 1279 522 1339 deberet
537 1300 596 1340 esse
608 1279 722 1339 solatio.
737 1278 770 1337 ln
787 1298 940 1357 conspectu
952 1297 1012 1337 erat
1029 1300 1082 1339 ne·

389 1378 462 1435 ,pos
485 1358 638 1434 parvulus,
662 1358 699 1417 ob
721 1357 749 1415 id
771 1358 863 1433 ipsum
887 1357 1080 1426 miserabilis,

408 1437 485 1514 quod
495 1438 624 1497 nondum
640 1436 777 1496 sentiebat
789 1436 1002 1504 calamitatem,
1021 1457 1083 1495 ma·

321 1560 323 1565 -
407 1516 485 1576 xima
496 1536 533 1578 ex
544 1534 621 1591 parte
634 1516 668 1575 ad
679 1516 771 1591 ipsum
782 1515 996 1576 redundantem.
1008 1514 1082 1575 Cre·

409 1593 511 1662 detes,
534 1594 729 1655 Alexandrum
749 1594 822 1653 inter
841 1616 903 1655 suas
925 1593 1080 1653 necessitu-

409 1673 488 1733 dines
506 1673 594 1742 flere,
605 1691 645 1734 ·et
662 1672 764 1733 solatia
780 1692 840 1733 non
858 1672 1007 1740 adhibere,
1034 1673 1082 1732 sed

408 1772 541 1829 quarere.
553 1753 630 1813 Cibo
648 1771 724 1814 certe
740 1752 871 1812 abstinuit
883 1775 892 1813 t
905 1771 1080 1827 omnemque

408 1829 551 1891 honorem
567 1832 681 1901 funeri,
702 1832 796 1909 partio
809 1830 956 1892 Persarum
973 1850 1078 1900 more,

408 1911 550 1972 servavit:
560 1910 660 1991 dignus
669 1910 805 1981 hercule,
822 1912 869 1986 qui
881 1930 1080 1986 huncquoque

409 2005 521 2048 tanturn
538 1989 760 2050 mansuetudinis
775 2006 804 2050 et
817 1988 997 2049 continentie
1009 1988 1081 2050 ferat

407 2066 543 2129 fructum.
559 2067 657 2129 Semel
668 2069 790 2129 omnino
800 2089 864 2129 eam
876 2069 1000 2131 viderat,
1019 2088 1079 2143 quo

408 2146 454 2206 die
470 2165 557 2225 capra
574 2164 634 2220 est3
651 2168 705 2210 nec
720 2165 753 2210 ut
767 2148 873 2225 ipsam,
893 2148 940 2208 sed
953 2164 985 2207 ut
997 2145 1080 2207 Darii

409 2242 532 2285 matrem
545 2226 652 2288 viderer
667 2250 676 2287 t
692 2228 882 2303 eximiamque
893 2225 1080 2304 pulchritudi-

406 2322 475 2364 nem
486 2305 585 2365 formar
599 2306 660 2386 ejus
669 2326 728 2367 non
744 2306 867 2367 libidinis
880 2304 1015 2366 habuerat
1029 2305 1078 2365 in-

407 2384 617 2454 vitamentum,
635 2386 683 2446 sed
702 2386 813 2467 gloriae.
839 2386 862 2445 E
884 2386 1078 2463 spadonibus,

406 2464 456 2538 qui
473 2464 546 2523 circa
561 2464 689 2545 reginam
710 2483 809 2533 erant,
829 2464 982 2540 Tyriotes,
1004 2467 1078 2525 inter

405 2542 623 2618 trepidationem
639 2545 799 2623 lugentium
817 2545 926 2621 elapsus
944 2564 993 2621 per
1009 2564 1077 2603 eam

404 2639 539 2697 portam,
556 2643 636 2699 quae,
655 2622 720 2698 quia
733 2625 768 2683 ab
781 2622 861 2681 hoste
878 2644 973 2683 aversa
993 2642 1075 2690 erat,

390 2700 496 2760 ‘levius
507 2700 734 2770 custodiebatur,
751 2701 786 2761 ad
802 2702 883 2762 Darii
903 2699 990 2763 castra
1009 2722 1076 2776 per-

405 2780 504 2841 venit:
519 2796 706 2857 exceptusque
724 2802 741 2839 a
759 2780 912 2859 vigilibus,
934 2782 964 2841 in
979 2784 1075 2840 taber-

405 2858 542 2918 naculum
553 2860 625 2938 regis
635 2858 797 2935 perducitur
807 2882 816 2930 ;
832 2879 949 2939 gemens
960 2877 988 2919 et
997 2877 1078 2919 veste

403 2935 537 3010 lacerata.
550 2936 651 3019 Quem
660 2954 691 3002 ut
702 2940 851 3019 conspexit
860 2939 985 3010 Darius,
998 2940 1077 3008 mul-¹
