2625 4017
270 555 272 559 ⁴
340 540 804 604 1NQ.cunT11L.·1.
862 552 920 600 531,

237 630 385 699 proterunt
402 630 443 680 ubi
464 645 506 692 per
523 643 616 691 septem
632 627 684 678 dien
699 627 807 693 quietum
826 644 921 693 agmen.

239 698 332 751 tenuit.
357 696 445 749 Tridui
467 694 556 745 deinde
578 693 667 745 itinere
692 712 790 746 emenso
809 698 923 750 Celonas.

240 781 388 831 perventum
399 779 445 815 cst.
461 762 587 827 Oppidum
597 762 645 813 hoc
655 778 740 813 tenent
749 762 844 813 Boeotia
854 780 916 826 pro·

240 834 302 884 fecti
314 869 322 892 ‚
340 849 401 898 quos
409 836 499 881 Xerxes
513 830 613 880 redibue
626 832 675 880 suis
686 831 781 881 excitos
791 830 816 880 in
825 830 918 880 Orien.

243 918 296 951 tem
317 898 465 950 transtulit:
484 898 659 962 servabantque
675 913 844 961 argumentum
862 898 918 947 ori-

242 967 310 1035 ginis
327 964 446 1031 peculiari
463 981 592 1024 sermone,
613 982 642 1015 erc
661 965 755 1015 Grecis
773 966 918 1030 plerumque

243 1034 351 1087 vocibus
368 1048 517 1088 constante3
536 1047 642 1081 ceterum
660 1034 693 1081 ob
712 1030 918 1083 commerciorum

243 1100 414 1153 necessitatem
424 1099 584 1149 finitimorum
601 1100 757 1149 barbarorum
766 1099 851 1165 lingua
860 1114 918 1149 ute·

245 1171 347 1219 bantur.
364 1170 422 1216 inde
432 1167 577 1231 Bagistanen
586 1166 709 1232 ingressus
718 1182 772 1226 est,
791 1166 919 1231 regionem
978 1206 982 1212 .

244 1238 408 1301 opulentam,
427 1249 453 1283 et
468 1235 628 1282 abundantem
645 1235 759 1283 arborum
778 1250 872 1284 amoeno
893 1249 926 1284 ttv

245 1303 354 1354 &cnudo
368 1305 446 1359 foetu,
464 1300 599 1365 ceterisque
612 1302 643 1350 ad
656 1299 712 1350 vita:
728 1318 778 1350 non
788 1316 855 1354 usum
867 1318 920 1351 mo·
957 1359 963 1369 U

245 1373 301 1429 do,
323 1386 407 1419 verum
426 1367 498 1417 etiam
518 1367 709 1417 delectationem
727 1367 920 1432 pertinentibus·

246 1437 340 1490 Gravis
357 1436 422 1485 inter
438 1436 486 1484 haec
504 1434 605 1489 Eumeni
622 1452 677 1485 cum
692 1435 866 1499 Hephaestione
883 1436 921 1490 siff

245 1507 338 1555 multat
349 1502 482 1553 inciderat.
500 1505 564 1551 Nam
577 1518 662 1552 servos
679 1502 792 1555 Eumenis
810 1505 927 1553 diverso-a
961 1560 964 1567 Ι

247 1572 306 1629 rio,
319 1572 384 1636 quod
396 1587 441 1633 pro
451 1571 509 1621 hero
520 1587 563 1618 suo
574 1585 745 1633 antecepcrant
756 1606 762 1628 ‚
777 1570 921 1633 Hephaestio

246 1637 431 1706 proturbavit,
453 1653 479 1686 ut
498 1636 574 1687 Evius
594 1636 687 1686 tibicen
706 1653 736 1687 eo
757 1638 923 1701 reciperetur,

247 1710 336 1771 Neque
346 1705 388 1754 diu
398 1720 470 1767 post,
486 1720 539 1754 cum
549 1705 596 1766 jam
604 1704 686 1767 sopita
695 1703 751 1753 odia
761 1704 921 1764 viderentur,

246 1791 315 1826 nova
330 1787 412 1822 exorta
429 1772 588 1821 contentione
605 1774 666 1820 adeo
682 1773 875 1831 recruduerant,
893 1786 923 1822 ut

214 1882 219 1905 ‚>
247 1840 360 1893 etiamin
371 1855 440 1889 atrox
456 1839 577 1903 jurgium,
597 1854 622 1888 et
637 1840 723 1893 acerba
734 1838 855 1903 utrimque
865 1855 925 1887 con·

247 1909 318 1962 vicia
338 1921 534 1971 prorumperent.
557 1907 602 1954 Sed
616 1906 759 1958 'Alexandri
782 1906 926 1962 interventu

249 1974 405 2040 imperioque
418 1973 554 2022 inimicitie
570 1974 655 2021 saltem
669 1972 810 2037 inspeciem
824 1974 926 2030 abolita!

248 2058 327 2095 sunt:
343 2059 398 2092 cum
412 2041 456 2090 ille
469 2040 567 2105 quidem
577 2038 745 2103 Hephaes'tloni
759 2042 832 2091 etiam
846 2041 926 2101 mina,

249 2128 292 2164 tus
307 2125 388 2168 esset,
407 2107 449 2173 qni
464 2108 487 2156 in
500 2107 689 2171 flagrantissima
704 2108 769 2172 regis
783 2108 862 2172 gratia
875 2125 926 2171 po,-

251 2180 334 2236 situs,
355 2192 490 2242 quanquam
508 2174 622 2237 cupidum
641 2174 853 2224 reconciliationis
874 2180 929 2233 Eu,

250 2262 348 2298 mentm
367 2280 379 2302 „
405 2242 553 2306 pertinacius
581 2244 749 2304 aversabatur.
776 2244 926 2296 Perventum

251 2314 344 2365 deinde
357 2310 428 2361 estin
440 2310 528 2359 Mediae
540 2327 656 2373 campos,
675 2310 717 2368 ubi
732 2308 835 2360 maxima
850 2325 929 2375 equo,

252 2399 309 2434 rum
334 2394 443 2428 armcnta
464 2379 633 2454 pascebamus.
659 2377 754 2430 Nisaeos
777 2379 926 2441 appellant,

252 2445 425 2515 magnitudine
442 2460 466 2494 et
483 2444 563 2508 specie
580 2445 698 2509 insignes·
715 2447 791 2511 Supra
807 2447 929 2510 quinqua*

253 2520 331 2587 ginta
340 2517 419 2567 millio
430 2513 462 2563 ibi
478 2529 587 2580 reperta,
605 2530 658 2563 cum
669 2512 807 2562 Alexander
821 2531 846 2562 eo
858 2507 929 2561 cruri·

254 2586 337 2638 siret,
358 2599 370 2629 a
391 2578 523 2629 comitibus
543 2577 610 2628 illius
632 2593 774 2630 annotatum
796 2594 834 2628 est
847 2596 854 2640 ς
869 2582 928 2629 olim

255 2653 333 2718 triplo
347 2651 429 2716 plures
442 2649 520 2710 suiset
537 2666 548 2708 ,·
570 2649 608 2697 sed
627 2648 691 2696 latter
710 2646 826 2696 bellorum
844 2646 929 2697 turbat

256 2718 390 2770 maximam
407 2732 488 2767 eurum
503 2730 599 2779 purtem
613 2716 735 2779 predones
754 2712 866 2780 abegisse.
885 2712 930 2768 Aa

256 2782 366 2848 triginta
380 2781 432 2831 dies
448 2778 481 2829 ibi
493 2778 605 2834 substitit
617 2797 668 2829 rex.
679 2784 714 2829 Eo
727 2780 862 2842 Atropatcs
877 2782 932 2835 Mea

257 2850 306 2903 diae
324 2863 417 2911 satrapa
435 2862 531 2896 centum
553 2847 663 2905 barbaras
679 2846 792 2895 mulieres
810 2846 932 2908 adduxit,

260 2915 388 2983 equitandi
399 2915 501 2978 peritas,
515 2913 637 2977 peltisque
647 2931 672 2963 et
681 2914 805 2964 securibus
815 2928 936 2964 armatast

260 2983 448 3054 undequidarn
467 2980 624 3039 crediderunt
642 2981 791 3047 Arnagomun
814 3000 842 3033 eu
862 2996 935 3050 geute

754 3048 842 3107 Yvii
