2625 4017
449 572 638 639 LIBER
675 575 720 642 X.·
781 586 807 652 ,ζ
837 584 920 655 ‚3'57'

244 677 337 750 etiam
347 674 492 740 Craterum
507 698 567 750 cum
579 695 698 740 ueterum
708 675 827 740 militum
837 695 921 738 manu

247 758 287 820 ud
304 754 522 837 inteficiendum
537 777 596 817 eum
606 755 731 820 missum.
743 757 813 820 Vim
823 775 920 818 autem

246 839 374 906 veneni,
392 837 467 915 quod
484 837 514 896 iu
526 837 697 897 Macedonia
711 836 856 919 gignitur,
873 852 921 900 ta·.

247 919 377 979 {emesae
387 931 515 985 constat,
529 935 560 976 ut
569 916 798 993 fermmquoque
808 931 923 983 exarata

247 996 361 1076 ungulae
381 995 500 1072 jumenti
518 996 652 1055 duntaxat
670 997 786 1071 patiens.
806 992 920 1074 Stygem

246 1076 395 1153 appellant
408 1075 539 1140 fontem,
555 1094 591 1134 ex
602 1096 660 1152 quo
670 1073 831 1151 pestiferum
842 1074 919 1134 virus

246 1169 373 1215 emanat.
384 1151 445 1212 Hoc
455 1172 503 1232 per
513 1149 702 1213 Cassandrum
713 1151 826 1214 allatum
839 1193 848 1222 ,
863 1165 935 1211 tta*-

244 1231 387 1312 ditumque
399 1230 486 1307 fratri
508 1230 612 1300 Jotlae,
636 1250 663 1291 et
683 1229 716 1292 ab
737 1252 767 1292 eo
785 1250 919 1312 supremae

244 1311 324 1392 regis
337 1309 443 1392 potioni
459 1308 588 1373 inuitum,
599 1312 670 1372 Haec
685 1328 838 1388 utcumque
852 1326 920 1372 sunt
967 1303 983 1418 s

244 1392 369 1459 stadia,
392 1411 516 1459 eorum,
537 1412 607 1467 quos
625 1411 725 1451 tumor
741 1407 917 1468 asperserat,

244 1491 319 1532 mox
332 1469 457 1548 potentia
470 1470 600 1532 extinxit.
614 1471 656 1529 Re
678 1491 746 1552 num
762 1469 839 1530 enim
851 1471 918 1531 Ma·
946 1423 968 1550 s

243 1549 372 1610 cedoniae
390 1548 563 1628 Antipater,
591 1568 618 1609 et
672 1550 783 1608 raetiam
802 1567 917 1626 quoque

244 1628 361 1690 invasit.
376 1625 497 1688 Soboies
507 1628 606 1687 deinde
620 1629 729 1704 excepit
739 1650 752 1700 3
763 1628 916 1689 interfectis

244 1709 379 1768 omnibus
405 1708 574 1785 quicumque
602 1707 800 1768 Alexandrum
827 1707 915 1767 etiam

242 1788 402 1868 longinqua
421 1789 593 1867 cognatione
613 1787 802 1868 contigerant.
824 1786 915 1847 Cete-

241 1866 700 1943 rumcotpusejusaPtolemaeo,
722 1864 916 1947 euiAEgyptuu

242 1961 386 2013 cesserat,
408 1946 567 2023 Memphim
582 1969 592 2020 ;
611 1967 639 2007 et
655 1946 721 2006 inde
735 1948 831 2025 paucis
847 1959 915 2026 post

241 2027 324 2084 annis
336 2024 539 2084 Alexandriam
552 2028 717 2088 translatum
728 2042 769 2086 est
784 2048 792 2085 t
808 2026 917 2092 omnis·¹

242 2101 300 2183 que
311 2106 457 2168 memoria
468 2127 501 2168 ac
512 2106 623 2168 nomini
638 2105 731 2180 honos
744 2104 878 2172 habetur.
911 2157 916 2186 2

451 2487 793 2569 uttvtsf.
