2625 4017
411 565 458 618 IN
493 567 529 629 Q.
564 565 753 617 CURTIUM
788 564 818 616 l..
850 565 894 619 11.
950 582 994 626 ror

317 653 420 720 penitus
433 652 539 705 excussit
555 669 687 711 somnum,
704 653 746 701 sed
757 668 838 703 tamen
852 669 922 704 avem
937 667 997 704 eon-

318 726 393 773 tinuo
415 721 521 786 strepitu
543 722 674 771 molestam
693 719 800 771 sentiens
822 738 895 772 manu
914 722 997 774 obiter

318 788 423 855 repulit.
435 791 483 840 1112
497 790 558 838 adeo
572 804 622 837 non
636 787 752 838 exterrita
767 803 820 847 est,
836 801 864 839 ut
879 788 954 841 etium
969 789 996 840 in

317 858 397 922 ipsius
407 856 488 922 eapite
497 854 654 913 consederit,
669 871 746 921 neque
754 855 820 919 prius
834 869 940 922 strepere
951 859 995 908 de-

317 925 410 984 sierit,
434 940 506 990 quant
520 925 551 975 ab
566 937 710 987 experrecto
725 924 821 974 demum
836 926 922 975 abacta
945 941 994 976 est.

316 996 396 1059 quue
418 992 455 1042 sic
479 991 653 1056 interpretatus
676 994 756 1041 fuerat
773 990 944 1051 Aristander,
966 1008 995 1043 ut

316 1065 412 1111 instare
421 1061 557 1128 periculum
571 1058 665 1120 dittret
677 1058 706 1107 ab
718 1059 795 1109 amico
808 1062 872 1128 regis
880 1080 890 1123 ,·
904 1061 944 1112 sed
956 1064 996 1110 in·

317 1130 397 1180 :idias
406 1130 432 1178 in
441 1129 534 1179 occuito
543 1138 589 1178 non
598 1142 741 1176 mansuras.
760 1126 813 1176 Hoc
823 1128 884 1177 enim
902 1145 995 1180 monere

318 1212 436 1246 naturam
445 1195 517 1252 avit,
533 1212 584 1261 quae
589 1193 737 1261 prae'cereris
746 1193 835 1242 homini
838 1193 994 1256 simillime,

317 1266 443 1329 eademque
458 1265 638 1329 supramodum
653 1262 759 1327 garrula
771 1274 841 1310 esset.
853 1257 900 1309 Hie
914 1258 996 1325 itaque

318 1329 457 1395 diligenter
471 1325 597 1393 expensis,
615 1344 670 1405 cum
685 1323 805 1375 indicium
818 1324 930 1404 Atisinie'
940 1344 996 1378 tum

317 1411 386 1445 vatis
401 1413 520 1459 responso
534 1411 669 1447 conventre
682 1407 812 1451 cerneret,
829 1409 996 1447 meminisset·

316 1482 366 1527 que
383 1481 409 1513 se
423 1462 507 1512 matris
521 1463 602 1513 literis
615 1460 685 1511 anxie
701 1459 839 1519 monitum,
858 1480 886 1513 ut
905 1464 934 1515 ab
950 1465 996 1516 hoc

317 1533 412 1583 homine
427 1532 473 1582 sili
490 1547 602 1588 caverent
621 1528 684 1579 nihil
700 1530 763 1577 ultra
780 1528 939 1581 differendum
956 1548 996 1580 ri·

317 1614 379 1656 tus,
402 1598 463 1663 quid
480 1596 532 1647 lieri
549 1599 647 1657 vellet,
673 1594 830 1647 Parmenioni
848 1596 992 1664 significat:

317 1682 376 1715 nam
394 1682 422 1715 nt
440 1664 565 1724 diximus,
585 1681 639 1715 cum
653 1662 710 1727 ipso
729 1663 754 1711 in
769 1663 899 1729 Phrygiam
914 1664 996 1716 iverat

317 1737 453 1800 Lyncestes
467 1731 619 1785 Alexander.
633 1732 679 1782 Sed
689 1745 719 1780 ne
732 1747 781 1795 quo
791 1747 848 1780 casn
861 1731 994 1784 consilium

318 1800 387 1867 regis
400 1816 485 1865 parurn
497 1799 524 1849 in
532 1816 642 1865 tempore
649 1798 809 1863 proderetur,
826 1796 911 1849 literae
918 1798 996 1852 scribi

318 1884 373 1919 non
387 1867 502 1932 placuit3
517 1870 560 1918 sed
573 1885 616 1932 per
632 1865 758 1916 hominem
770 1864 845 1916 lidum
860 1879 932 1933 atque
946 1868 995 1919 ho·

317 1951 437 1986 noxarum
452 1936 564 1986 mandata
579 1933 691 2001 perferri.
707 1935 806 1983 Electus
823 1949 860 1984 est
876 1935 996 2000 Ampho-

319 2021 389 2054 terus
403 2002 499 2054 Crateti
510 2007 604 2062 frater,
620 2002 661 2068 qui
677 2019 732 2052 cum
745 2000 934 2053 Macedonicum
949 2004 996 2054 he·

318 2073 401 2121 bitum
419 2071 528 2136 Phrygio
546 2086 684 2128 mutasset,
705 2068 814 2119 assumtis
831 2070 996 2135 pergentibus

320 2139 419 2203 aliquot
429 2138 522 2188 itineris
532 2138 629 2205 gnaris,
645 2138 676 2187 ad
686 2135 870 2187 Parmenionem
880 2138 996 2188 occultus

318 2221 444 2271 penetrat.
459 2211 497 2255 lta
505 2207 646 2258 Alexander
660 2203 891 2270 comprehenditur:
903 2221 929 2256 ex
938 2223 995 2257 cum

319 2276 356 2323 ob
370 2287 479 2323 veterem
493 2291 560 2325 suam
576 2273 721 2339 familiaeque
739 2270 887 2337 dignitatern
902 2287 928 2323 et
938 2289 996 2338 gra·

319 2341 381 2392 tiam
392 2340 434 2391 diu
451 2341 541 2392 dilatus
550 2358 628 2400 esset3
647 2340 725 2392 tertio
741 2354 799 2403 post
814 2354 895 2395 anno,
911 2340 969 2389 dum
982 2356 997 2387 a

318 2409 427 2459 Philota
441 2409 547 2460 consciis
563 2408 711 2475 supplicium
733 2404 856 2463 sumitur,
876 2405 997 2456 societate

319 2475 451 2536 criminis,
469 2493 495 2527 et
512 2494 581 2542 pona
595 2476 704 2527 sontium
720 2471 747 2524 in
763 2471 866 2523 exitium
883 2474 998 2538 abreptus

318 2545 407 2609 periit.
422 2545 487 2611 Regi
503 2562 532 2596 ex
543 2544 671 2595 Phaselide
680 2539 811 2599 moventi,
828 2553 900 2604 supra
914 2540 999 2591 detec-

317 2628 361 2662 tas
374 2611 491 2672 insidias,
510 2612 633 2678 propitius
642 2609 747 2663 numinis
761 2613 832 2659 favor
846 2608 898 2659 alio
913 2608 996 2659 statim

318 2680 442 2730 beneficio
457 2680 550 2745 patuit.
567 2681 639 2730 Parte
654 2676 775 2730 exercitus
791 2676 821 2726 ad
836 2675 996 2743 Pergensiurn

319 2747 402 2798 urbem
422 2764 468 2812 per
485 2764 582 2799 montes
599 2746 742 2811 praemissu
761 2759 859 2795 ceteros
880 2743 932 2808 ipse
950 2759 998 2810 per

317 2815 380 2865 litus
391 2816 515 2876 ducebat,
532 2833 578 2881 qua
588 2816 686 2865 Climax
695 2830 766 2865 mons
774 2813 920 2881 Pamphylio
934 2811 996 2863 rnaxi

318 2882 451 2933 imminens
466 2899 594 2949 angustam
610 2882 723 2932 euntibus
739 2880 849 2931 semitam
860 2879 994 2944 relinquit,

319 2950 418 3019 quoties
432 2968 499 3003 mare
511 2946 672 3019 tranquillum
690 2966 743 3010 est‚·
764 2964 788 3000 at
803 2966 858 3001 cnm
873 2964 944 3001 astus
957 2946 997 2999 in·
