2625 4017
501 571 694 650 LIBER
741 575 859 653 liis
932 592 992 661 '49¹5

323 677 481 750 ninstidi.
513 681 690 779 Quocunque
707 687 855 765 jusseris,
882 685 997 752 ibimuso
1087 730 1090 735 -

325 765 453 829 Obscura
475 764 547 827 bella
572 786 600 827 et
626 765 763 848 ignobiles
786 787 894 848 pugnas
916 766 997 827 nobis

324 844 499 924 deposcimus
513 866 523 906 ‚⁶
538 846 710 927 temetipsum
728 845 764 906 ad
783 868 815 907 en
827 863 908 908 soron
918 845 996 926 peri·

324 924 411 995 culo,
435 946 494 1003 quae
524 946 568 985 sna
589 925 742 986 nitudinem
772 946 846 985 cuum
872 925 996 1006 copiunt.

324 1002 391 1065 Cito
402 1002 494 1083 glorio
508 946 655 1065 odsoiescit
667 1004 697 1064 in
710 1003 831 1065 sordidis
848 999 995 1064 hostibus:

323 1102 376 1142 nec
387 1082 531 1161 quidquam
543 1080 688 1163 indignius
698 1102 763 1154 cst,
782 1103 860 1163 quom
872 1080 995 1144 consumi

324 1182 409 1231 enm,
430 1161 474 1221 udi
494 1183 548 1222 non
562 1162 654 1242 possit
670 1161 790 1226 ostendi.
811 1160 918 1224 Eadem
936 1162 994 1223 sere

323 1238 517 1310 Ptolemaeus,
538 1259 567 1302 et
586 1242 690 1302 similia
707 1241 740 1303 iis
756 1243 852 1303 ceteri.
873 1240 938 1309 Jam
959 1260 995 1302 ue

323 1320 450 1380 confusis
466 1320 585 1381 vocibus
601 1340 668 1380 eum
679 1323 817 1390 orabant,
837 1336 867 1379 ut
886 1262 996 1380 tundent

325 1397 475 1459 exsatiutae
492 1396 567 1459 iuudi
587 1395 812 1475 modunsncecet
825 1432 837 1467 ,·
857 1417 890 1460 ac
910 1394 995 1459 saluti

324 1495 384 1537 suae
395 1517 405 1547 ,
416 1474 454 1536 id
469 1496 531 1545 est,
546 1475 664 1557 publicu
677 1494 811 1560 parceres.
828 1475 919 1539 Grata
936 1492 998 1539 erac

323 1556 385 1637 regi
403 1556 492 1633 pietas
507 1557 679 1620 amicorum.
692 1558 788 1635 Itaque
807 1557 932 1638 singulos
951 1555 995 1616 fa·

324 1635 462 1696 miliarius
474 1636 623 1712 amplexus
632 1634 775 1696 considere
787 1636 874 1715 jubet.
885 1634 997 1696 Altius·

324 1735 380 1792 que
399 1735 530 1775 sermone
549 1714 691 1792 repetito,
709 1712 787 1775 uobis
806 1712 934 1793 quidem,
949 1712 997 1774 itu·

323 1795 401 1873 quit,
416 1802 455 1854 o!
456 1789 597 1872 fidissimi
609 1792 786 1874 piissimique
798 1792 900 1855 ciuium
919 1812 999 1873 acque

324 1873 493 1942 amicorum,
502 1888 599 1953 grates
610 1892 662 1953 ago
673 1869 828 1953 habeoque,
845 1870 998 1934 nonsoium
1023 1920 1025 1923 >

325 1973 357 2013 eo
374 1951 504 2022 nomine,
524 1950 593 2030 quod
605 1950 686 2012 hodie
702 1950 819 2013 salutem
836 1957 924 2014 meanz
936 1967 1001 2014 ues-

324 2050 375 2095 tro
386 2030 547 2113 proponitis
559 2052 572 2104 ;
589 2029 640 2093 sed
651 2030 723 2111 quod
733 2051 751 2093 a
757 2029 919 2121 primordiis
932 2028 998 2093 belii

323 2110 428 2174 nulium
447 2131 513 2191 erga
530 2130 572 2171 me
591 2109 788 2171 benevolentius
803 2109 905 2191 pignus
918 2129 999 2188 atoue

324 2188 462 2251 indicium
485 2188 632 2251 omisistis.
658 2186 737 2249 Adeo
763 2205 791 2249 ut
816 2184 999 2268 confitendum

324 2268 385 2337 sit,
407 2286 542 2346 nunquam
553 2266 620 2328 tniiti
638 2266 725 2327 uitam
741 2264 929 2343 meuntfuisse
942 2284 1000 2327 tom

308 2394 311 2399 .
325 2366 442 2417 curum,
460 2366 539 2425 nuum
556 2365 617 2407 csse
631 2345 734 2427 cupit,
752 2365 782 2405 ut
791 2344 870 2407 uobis
881 2344 929 2405 diu
936 2344 998 2423 frui

320 2425 440 2509 possint.
462 2424 589 2517 Ceterum
608 2446 662 2485 non
684 2424 778 2516 eodem
801 2441 844 2485 est
866 2423 999 2506 cogitatio

325 2525 441 2572 eorum,
462 2524 506 2584 qut
522 2524 571 2585 pso
590 2525 632 2564 ne
649 2523 719 2566 mori
739 2519 853 2584 optant,
875 2521 901 2563 et
914 2522 998 2564 ineo:

324 2584 371 2664 qui
382 2582 489 2662 quidem
500 2581 570 2645 ione
582 2582 798 2645 benevolentiam
809 2600 931 2643 uestrum
942 2581 1000 2644 uir·

325 2662 525 2724 tutemesuisse
533 2683 575 2723 nze
579 2661 685 2742 judico.
695 2660 751 2725 Vos
760 2661 832 2722 enim
842 2659 997 2746 diuturnum

315 2738 444 2818 fructum
464 2763 500 2803 cx
517 2762 580 2813 sne,
594 2740 719 2819 forsitan
736 2741 820 2802 etium
836 2758 999 2823 perpetuum

287 2859 292 2864 -
319 2820 462 2901 pescipere
475 2840 507 2881 cu
525 2819 576 2881 itis
590 2846 600 2882 .·
614 2840 664 2901 ego
677 2840 718 2881 nte
730 2818 827 2881 metior
838 2840 892 2879 non
906 2818 999 2881 aetotis

324 2898 439 2979 spatio,
461 2839 632 2980 sedgiotioe.
654 2896 750 2961 Licuit
758 2898 884 2989 paternis
904 2896 999 2984 opibus

323 2994 451 3041 contento
477 2997 554 3043 cntra
583 2978 761 3045 Macedonio
789 2996 921 3043 cerntnos
946 2983 1016 3061 pes-
