2625 4017
417 547 464 603 IN
500 547 535 614 Q·
570 550 761 603 cuntium
794 548 827 602 L.
858 548 901 604 11.
955 563 999 614 ror

359 643 430 692 Cer.
440 643 485 691 ΧΙ.
495 637 543 689 Hir
552 636 589 689 ita
602 637 680 705 gerris
689 636 804 690 insistens
819 637 927 690 coneilio
937 655 999 700 ruo,

322 721 351 760 ur
368 706 438 758 omni
455 704 577 757 maritima
590 722 635 757 ora
649 704 687 756 rui
699 704 760 770 jurir
774 706 879 767 effecta,
898 705 1002 760 classem

321 774 436 827 hostium
450 771 566 825 inutilem
576 774 709 833 redderet,
729 774 854 853 llyparnir
868 773 976 840 receprir
992 811 1001 834 ,

320 861 374 909 que
391 854 472 893 arcem·
490 856 599 892 tenentes
619 857 762 893 mercenarii
777 842 921 895 dediderant
940 882 948 902 ,
973 843 1002 893 in

319 911 424 978 Lyciam
437 907 578 961 contendit.
588 908 626 960 lbi
642 925 713 975 pacta
726 927 781 961 cum
796 909 1003 964 relmisrenaibur

319 977 452 1037 amicitia,
463 978 608 1042 Xanthoque
617 976 718 1027 flumine
729 977 870 1031 transmirro
879 1018 889 1040 ,
899 995 1001 1046 cogno·

321 1047 417 1097 minem
434 1044 499 1096 amni
515 1046 619 1103 orbern,
633 1044 767 1110 Pinaraque
788 1060 814 1097 et
830 1046 934 1104 Petere,
953 1063 1000 1097 no-

321 1113 384 1165 bilia
401 1111 586 1179 iirregionibur
601 1112 710 1176 oppida,
727 1129 782 1163 eunt
799 1112 854 1165 aliir
862 1112 1001 1165 minoribur

319 1182 425 1232 circiter
435 1178 555 1245 triginta,
570 1178 595 1229 in
603 1177 678 1231 fidem
689 1177 797 1243 accipit:
811 1180 930 1246 rebusque
941 1177 1001 1232 rarir

318 1250 345 1300 in
369 1264 475 1313 praetenr
497 1246 669 1310 compositis,
694 1244 849 1314 inMyliada
873 1246 1001 1312 procedit·

318 1315 435 1382 Phrygiae
444 1313 544 1375 majoris
554 1313 639 1379 portio
648 1313 738 1380 Mylias
748 1329 786 1364 ert
796 1332 804 1374 ς
819 1313 862 1366 red
870 1316 1000 1371 Perrarum

317 1385 423 1451 regibus
432 1383 558 1448 placuerat
567 1380 645 1448 Lyciae
658 1398 711 1431 eam
722 1381 856 1433 contribui.
865 1383 926 1433 Eam
940 1383 999 1434 dum

312 1450 428 1515 recipit,
445 1451 544 1500 adfuere
559 1447 737 1500 Phaselitarum
748 1448 845 1515 legati,
862 1447 998 1501 amicitiam

317 1536 421 1570 orantes
430 1554 437 1576 ‚
447 1532 589 1582 aureamque
599 1532 732 1575 coronam,
746 1516 869 1582 hospitale
883 1519 976 1570 donum
993 1554 1002 1576 ‚

317 1587 455 1637 afferebant
470 1602 476 1635 ε
490 1584 557 1634 idern
566 1583 683 1649 petebant
695 1585 825 1635 multarum
835 1583 932 1637 urbium
942 1602 999 1638 ora*

317 1672 389 1707 tores
404 1671 436 1704 ex
453 1651 570 1702 inferiore
587 1650 670 1719 Lycia.
687 1656 771 1715 ltaque
786 1668 827 1702 rer
842 1652 972 1717 promittis
987 1687 996 1711 ,

316 1721 407 1789 quibus
420 1720 513 1785 oppida
526 1736 568 1770 rua
580 1718 709 1769 Phaselitae
721 1718 839 1786 Lyciique
852 1719 996 1778 traderent,

315 1790 405 1856 paucis
415 1802 474 1853 post
488 1786 589 1845 diebus,
606 1785 722 1838 Phaselin
737 1790 864 1850 profectur
877 1801 924 1839 ert.
943 1787 998 1851 Ορ-

315 1857 462 1924 pugnabant
475 1853 515 1905 illi
530 1870 582 1905 tum
598 1852 703 1904 maxime
719 1853 828 1905 validum
838 1852 996 1919 presidium,

315 1925 387 1992 quod
404 1924 430 1973 in
446 1923 555 1987 ipsorum
572 1920 668 1971 ditione
683 1920 769 1972 Pisidae
785 1938 972 1976 construxerant
994 1956 1003 1980 ,

316 1994 458 2056 multasque
467 1988 524 2040 inde
538 1988 638 2051 injurias
652 1987 785 2039 intulerant
794 1988 897 2041 accolis.
916 1992 944 2041 ld
955 1991 997 2042 ad·

315 2076 395 2111 ventu
406 2055 542 2110 Alexandri
559 2055 630 2107 brevi
641 2073 738 2120 captum
749 2055 804 2108 fuit.
816 2057 892 2121 Apud
907 2058 996 2108 Phace-

315 2127 376 2178 liras
392 2127 519 2191 plusculos
535 2123 604 2183 dies,
622 2139 649 2174 ut
664 2141 736 2189 seque
750 2140 775 2175 et
788 2123 924 2175 exercitum
940 2124 997 2176 rel·

316 2209 404 2253 reret,
420 2192 496 2259 quieti
509 2192 587 2244 dedit.
597 2190 722 2243 Invitabat
731 2191 805 2244 etiarn
814 2208 911 2257 tempus
921 2193 993 2245 annit

315 2262 411 2329 quippe
426 2260 506 2311 media
520 2260 568 2320 iam
584 2258 668 2325 hyems
690 2259 805 2311 diffieiler
821 2259 994 2325 progredienti

315 2331 371 2382 vias
382 2327 506 2379 effecerat.
519 2326 557 2377 lbi
569 2343 613 2391 per
622 2326 771 2378 hilaritarem
780 2341 805 2377 ee
815 2327 898 2392 epuler
910 2328 994 2378 laxato

314 2397 416 2454 ammo,
436 2413 491 2446 cum
505 2411 609 2445 strturm
619 2394 757 2446 Theodecti
773 2412 787 2442 a
797 2392 894 2444 civibus
907 2392 994 2445 suisio

315 2472 375 2516 foro
385 2461 492 2529 positam
502 2462 623 2522 vidisset,
640 2478 689 2513 uta
703 2479 770 2513 crena
779 2462 928 2513 temulentus
938 2477 992 2511 sur·

315 2548 430 2589 rexerat,
449 2530 607 2582 saltabuudus
630 2530 660 2581 eo
684 2528 823 2594 processit,
840 2527 995 2595 frequenter·

315 2618 364 2667 que
378 2599 402 2651 ei
423 2616 526 2649 coronas
540 2596 634 2660 injecit.
653 2599 718 2648 Nam
733 2599 912 2656 Theodecten‚
935 2615 991 2648 cunt

314 2667 483 2720 Aristotelem
499 2664 667 2730 unlaudiret‚
685 2664 830 2716 familiarem
846 2680 992 2731 gratumque

313 2737 443 2788 habuerat.
460 2735 507 2784 Sed
517 2734 614 2784 otiosos
630 2732 746 2795 juvenilis
755 2731 905 2783 animilurur
921 2749 993 2785 atrox

313 2823 327 2855 a
340 2802 503 2853 Parmenione
517 2800 617 2852 nuntius
626 2800 678 2850 cito
690 2799 814 2851 discurrit.
824 2803 994 2865 Comprehen-

314 2872 387 2923 derat
400 2871 444 2921 ille
453 2872 552 2919 Persam
566 2869 695 2934 quemdam
705 2868 829 2919 Asisineru
844 2870 943 2920 nomine
951 2904 958 2927 ‚
967 2884 993 2917 rr
1003 2866 1009 2873 ⁴

312 2954 373 3009 rege
387 2938 468 3001 Dario
482 2938 564 3005 palam
579 2935 679 3005 quidem
689 2938 728 3005 ad
741 2934 860 3007 Aryaiem
879 2932 991 3006 Phrygig

836 3007 848 3057 1
866 3002 891 3056 iv
