2625 4017
321 545 383 626 ut
501 540 833 624 acuerit

318 661 431 731 poterat
449 640 595 714 Orsines,
618 643 746 705 donando
770 645 861 707 etiam
882 646 1000 728 gratian

322 727 421 788 iniret.
435 723 638 785 Concitaverat
649 726 707 803 jam
720 725 860 786 animum
871 727 902 787 in
913 730 1002 805 iram;

321 827 390 868 cum
408 804 451 873 ii,
474 804 575 880 quibus
595 804 746 884 negotium
762 804 847 865 idem
866 806 1001 877 dederat,

320 883 533 962 mperveniunt.
555 882 634 942 Hinc
654 884 789 963 Bagoas;
813 881 888 945 hinc
912 890 949 947 ab
969 908 1002 949 eo

322 962 485 1030 subornati,
497 961 572 1021 falsis
580 961 745 1022 criminibus
754 981 908 1040 occupant
916 987 1004 1029 autes.

324 1040 1001 1119 AntequamaccusarisesuspicareturOrsines,

322 1123 353 1192 in
368 1121 481 1183 vincula
492 1135 533 1180 est
546 1119 672 1182 traditus.
681 1118 752 1179 Non
767 1137 930 1183 contentus
941 1146 1004 1201 sup·

321 1201 412 1287 plicio
430 1199 547 1259 insontis
563 1198 672 1274 spado,
693 1198 754 1275 ipse
771 1202 924 1262 morituro
942 1224 1003 1263 ma-

322 1302 394 1343 num
411 1280 519 1355 injecit.
535 1276 635 1353 Quem
651 1276 770 1338 Orsines
784 1278 928 1349 intuens,
953 1303 1002 1341 au.

321 1359 450 1426 dieram,
476 1356 587 1434 inquit,
613 1355 643 1414 in
670 1353 744 1416 Asia
770 1354 840 1416 oiim
868 1379 1002 1438 regnasse

315 1437 442 1522 semim
453 1453 465 1504 ,·
481 1433 530 1494 hnc
540 1454 605 1494 vero
616 1454 713 1494 novum
723 1451 786 1502 est,
804 1454 931 1515 regnare
942 1460 1003 1499 cas·

322 1534 422 1579 tratum
435 1522 448 1574 !
460 1514 517 1574 Hic
531 1514 584 1574 fuit
599 1515 690 1573 exitus
705 1514 884 1577 nobilissimi
904 1517 1002 1579 Persae

321 1592 1002 1676 rum‚necinsontism0d0,sedeximiaequoque

324 1673 504 1756 benignitatis
527 1673 557 1732 in
584 1692 692 1752 regem.
723 1670 839 1732 Eodem
871 1693 1003 1754 tempore

320 1754 472 1816 Phradates
482 1772 601 1832 regnum
609 1751 751 1811 affectasse
761 1771 913 1829 suspectus
925 1756 1003 1817 occi

320 1834 407 1895 ditur.
425 1831 558 1908 Coeperat
577 1851 637 1889 esse
654 1849 776 1908 preceps
793 1830 830 1889 ad
850 1853 1003 1910 represen-

320 1913 404 1975 tanda
415 1911 548 1989 supplicia
556 1932 565 1982 3
572 1910 647 1969 idem
654 1909 688 1969 ad
694 1908 836 1969 deteriora
847 1913 1003 1982 credenda.

318 1991 438 2062 Scilicet
449 2010 491 2049 tes
503 1989 629 2050 secundae
638 1989 734 2049 valent
751 2008 942 2053 commutare
953 2014 1004 2053 na·

320 2090 442 2141 turamt
465 2086 494 2129 et
511 2089 574 2130 raro
596 2068 744 2145 quisquam
762 2085 833 2147 erga
851 2072 933 2131 bona
954 2093 1002 2133 sua

320 2144 387 2214 tatis
397 2166 494 2210 cautus
504 2166 556 2208 est.
565 2147 642 2206 Idem
655 2147 732 2205 enim
742 2148 832 2223 paulo
846 2167 917 2210 ante
925 2148 1003 2228 Lyn.-

321 2249 416 2294 cesten
433 2227 626 2286 Alexandrum
644 2226 769 2285 delatum
785 2246 802 2284 a
818 2226 937 2290 duobus
957 2231 1001 2289 in·

321 2310 429 2372 ditibus
438 2306 571 2365 damnare
581 2324 640 2363 non
651 2302 819 2364 sustinuerat
831 2328 841 2365 :
855 2306 1000 2369 humilio.-

322 2412 367 2452 res
380 2405 494 2466 quoque
511 2405 574 2444 reos
586 2401 686 2443 contra
699 2404 778 2443 suam
789 2385 1000 2457 voluntatem,

320 2470 388 2547 ‘quia
411 2464 511 2525 ceteris
534 2464 699 2524 videbantur
722 2462 877 2535 insontes,
903 2488 1000 2545 passus

392 2546 432 2607 lvi
447 2568 457 2604 e
473 2541 599 2603 hostibus
620 2542 702 2603 victis
722 2562 810 2621 tegna
830 2544 1000 2615 reduxerat,

346 2619 371 2699 ‘d
379 2624 511 2696 ultimum
524 2644 541 2683 a
552 2623 702 2699 semetipso
714 2620 902 2701 degeneravit
911 2644 1000 2703 usque

270 2704 272 2708 ’
320 2708 415 2777 eden,
433 2721 465 2762 ut
476 2702 606 2761 adversus
620 2700 767 2769 libidinem
783 2700 901 2771 animi,
920 2704 999 2763 arbi-

316 2775 379 2847 ‘trio
396 2781 553 2845 scortiaiiis
567 2780 758 2860 regrederer,
776 2780 839 2839 aliis
854 2782 999 2843 adimeret

318 2866 421 2930 vitam.
440 2859 541 2921 lisdem
558 2861 617 2919 fere
637 2860 733 2918 diebus
749 2857 879 2919 literasa
900 2859 999 2924 Coeno

314 2943 429 3036 mepte
441 2939 567 3011 derebus
579 2939 610 3013 in
623 2937 738 3031 Europa
750 2955 782 3002 st
795 2937 868 3009 Asia
883 2941 1002 3032 gestis,
