2625 4017
394 570 457 639 ἦρι·
576 560 621 643 Q.
658 560 686 625 C
704 559 738 625 U
757 560 784 624 R
804 561 834 624 T
853 553 904 624 11

395 664 482 725 orium
493 663 613 743 corporis
624 680 784 744 exspectare
795 661 945 723 obscuram
957 680 987 723 er
997 658 1082 745 ignor

394 743 477 803 bilem
490 759 668 805 senectutem.
686 740 850 823 Quanquam
862 761 897 800 ne
911 740 993 824 pigri
1011 743 1079 822 qui«,

394 820 458 884 dem
467 821 521 882 sibi
527 820 594 897 fata
604 821 752 901 disponunt
763 848 772 881 .·
786 819 835 880 seb
848 819 965 879 unicum
976 818 1077 897 bonum

392 899 553 962 diuturnam
575 901 662 964 uitam
682 900 853 961 aestimantes
874 919 952 978 ηερε
975 899 1077 961 acerba

393 1000 471 1041 mors
487 998 609 1058 occupor.
629 975 730 1041 Verum
749 1000 820 1058 ego,
843 976 889 1056 qui
906 998 967 1039 non
984 1000 1075 1060 annos

395 1080 495 1128 meos,
517 1059 567 1119 sed
590 1057 724 1120 uictorias
746 1078 855 1118 numero
868 1075 880 1127 ;
905 1055 933 1115 si
960 1077 1076 1119 munera

386 1136 514 1213 fortuna
532 1136 598 1197 bene
616 1156 760 1217 computo,
782 1136 830 1195 diu
848 1134 923 1195 vixi.
946 1134 1040 1197 Orsus
1058 1147 1076 1198 a

395 1215 566 1277 Macedonia
593 1216 763 1297 imperium„
786 1212 937 1279 Graeciom,
959 1221 1073 1276 teneo.-

395 1294 566 1365 Thraciam,
590 1313 617 1355 ετ
638 1293 752 1375 Illyrios
763 1292 865 1373 ⁴subegi
881 1291 1048 1355 :Triballis
1063 1335 1073 1365 ‚

395 1372 546 1453 Medisque
566 1372 691 1453 imperito
711 1373 859 1439 erisiam,
883 1376 939 1451 qua
959 1372 1076 1433 Helles'·

392 1470 497 1533 ponto,
516 1473 568 1531 qua
586 1451 669 1512 rubro
682 1450 760 1526 “mari
771 1450 907 1519 alluitur,
927 1451 1076 1533 possideo.

394 1526 511 1609 Jamque
529 1529 601 1589 haul
618 1530 711 1611 procul
730 1530 825 1591 absum
845 1536 862 1587 a
867 1527 933 1609 fine
953 1530 1075 1601 mundi,

413 1631 473 1670 uem
485 1631 631 1690 egresssus
644 1651 654 1680 ,
672 1609 757 1669 aliam
767 1629 913 1677 naturam,
933 1608 1024 1669 alium
1035 1628 1079 1671 or·

393 1630 456 1750 bem
466 1689 574 1769 aperire
586 1688 653 1748 milri
665 1688 762 1751 statui.
779 1687 826 1748 Ex
841 1685 915 1747 Asia
934 1687 967 1747 in
983 1686 1077 1762 Euro,-

413 1790 437 1828 ae
456 1767 586 1828 terminos
601 1785 734 1829 momento
750 1768 832 1826 unius
845 1764 919 1826 borae
940 1767 1078 1832 transiri.

390 1787 494 1912 l'icror
509 1848 648 1925 utriusque
663 1846 785 1927 regionis
795 1862 859 1926 post
873 1865 978 1905 nonum
994 1846 1077 1937 regni

395 1925 472 1995 mei,
494 1943 557 2005 post
570 1926 735 2003 vigesimum
747 1930 826 2003 nique
840 1934 969 1984 octauum
981 1931 1078 1987 aetaars

396 2024 517 2075 annum;
528 2000 657 2064 videorne
669 2003 747 2065 uobis
758 2003 787 2063 in
800 2001 957 2063 excolenda
963 2003 1078 2083 gloria,

396 2082 443 2144 cui
455 2104 497 2142 me
508 2082 555 2142 uni
568 2082 665 2143 devovi
678 2104 778 2163 ‚posse
788 2083 922 2154 cessare?
935 2080 1001 2163 Ego
1013 2085 1080 2145 uer'u

396 2183 451 2223 non
464 2162 563 2231 deero,
582 2180 608 2220 er
619 2153 777 2241 ubicumque
786 2160 932 2240 pugnabo,
948 2161 979 2222 in
993 2162 1076 2238 tineus*

395 2258 441 2302 tro
459 2260 590 2301 terrarum
609 2239 682 2300 orbis
700 2261 761 2300 esse
780 2260 822 2298 me
839 2238 961 2300 credam.
988 2240 1078 2303 Dabo

395 2319 568 2381 nobilitatem
577 2319 744 2398 ignobilibus
755 2318 825 2378 locis
835 2345 844 2377 :
853 2318 977 2399 aperiam
989 2341 1080 2389 cunc·

393 2396 574 2477 tingentibus
587 2417 696 2468 terras,
717 2418 784 2474 quas
797 2414 895 2457 natura
906 2395 991 2478 longe
1004 2393 1077 2460 sub-

394 2496 536 2553 moverat.v
548 2475 581 2536 ln
599 2475 644 2537 bis
662 2472 788 2556 operibus
807 2474 934 2555 extingui
954 2492 998 2537 me
1013 2522 1026 2548 ,
1051 2478 1079 2539 ri

386 2552 452 2632 fors
464 2557 504 2615 ira
512 2554 608 2632 feret,
627 2554 768 2635 pulchrum
781 2573 822 2615 est
837 2582 847 2615 .·
863 2575 895 2614 ea
906 2556 995 2636 stirpe
1012 2562 1078 2618 sum

390 2634 529 2714 genitur,
554 2653 583 2693 ut
604 2634 717 2695 multam
734 2634 834 2715 prius5
855 2654 934 2712 quam
959 2635 1079 2715 longam

393 2712 482 2775 uitam
498 2712 610 2773 debeam
629 2733 732 2793 optare.
753 2712 877 2774 Obsecro
893 2733 966 2783 uos,
991 2717 1079 2795 cogi-

392 2803 451 2853 tate
462 2812 512 2851 nos
521 2792 679 2871 peruenisse
688 2792 717 2852 in
728 2810 835 2860 terras,
847 2790 1078 2869 quibusfeminae

395 2869 428 2930 ob
441 2870 568 2931 uirtutem
579 2870 784 2932 celeberrimum
797 2890 893 2931 nomen
910 2888 966 2934 est.
990 2870 1079 2953 Quas

394 2946 475 3024 urbes
496 2946 659 3020 Semiramis
685 2949 848 3018 condidit?
875 2970 945 3033 quos
970 2971 1080 3034 genior
