2625 4017
581 320 617 353 4,.

383 541 445 599 '200
560 532 607 617 Q.
627 532 675 597 -C
695 532 771 599 UR
793 530 887 596 TI'I

383 638 461 715 lique
478 634 652 699 sarcinarum
668 637 771 715 passim
790 633 930 695 fluitantes
943 630 1056 709 pleros«

385 737 441 791 que
461 718 649 795 perculerant.
668 718 739 776 Rex
757 733 899 781 monete,
925 729 954 771 ut
980 710 1053 770 sutis

384 790 770 865 dinumeraverunt
781 812 794 864 ,·
812 808 905 852 cetera
918 810 948 849 se
958 788 1053 850 reddi·

381 883 486 935 tutum.
500 874 555 934 sed
565 893 660 951 neque
672 872 842 941 consilinm,
857 889 949 947 neque
961 868 1056 948 impe-

379 951 458 1014 rium
469 952 560 1031 accipi
568 969 703 1031 poterat:
715 952 894 1027 obstrepebat
906 948 977 1008 hinc·
987 968 1055 1008 rne-

381 1043 429 1091 tus'
445 1052 472 1104 ς·
487 1050 586 1110 preter
613 1031 718 1101 hunc,
744 1029 869 1092 invicem
894 1027 1055 1098 natantium

380 1127 497 1172 mutuus
518 1113 647 1174 clamor.
672 1110 833 1178 Tandem,
860 1128 916 1185 qua
942 1107 1055 1170 leniore

379 1204 471 1250 tractu
496 1191 587 1250 amnis
609 1190 707 1268 aperit,
724 1188 855 1257 vadum,
881 1205 1021 1246 emersere
1044 1210 1053 1247 ε

381 1268 606 1346 necquidquam
626 1285 725 1346 prater
739 1287 843 1345 paucas
861 1266 982 1325 sarcinas
1000 1265 1055 1324 de-

380 1346 533 1422 sideratum
554 1365 606 1407 est.
628 1346 728 1408 Deleri
746 1345 838 1424 potuit
854 1344 1013 1413 exercitus,
1030 1342 1054 1403 si

380 1426 443 1502 quis
454 1446 535 1486 ausus
545 1444 617 1487 esset
626 1425 740 1487 vincere
755 1449 772 1489 :3
782 1424 828 1483 sed
842 1441 976 1500 perpetua
989 1423 1052 1483 fot·

378 1521 449 1565 tuna
465 1505 537 1584 regis
552 1502 868 1565 avertit-'indehostem
885 1501 932 1561 Sic
941 1500 1052 1562 Grani-

378 1598 449 1650 cum
469 1600 514 1643 tot
532 1583 657 1645 millibus
673 1582 799 1661 equitum
815 1582 997 1658 peditumque
1020 1580 1051 1639 in

378 1664 516 1723 ulteriore
532 1665 668 1725 stantibus
686 1663 746 1741 ripa
764 1661 923 1738 superavit:
937 1662 976 1721 sic
994 1680 1050 1719 an-

378 1741 469 1821 gustis
478 1743 507 1802 in
517 1741 628 1804 Ciliciae
637 1742 753 1802 callibus
765 1757 874 1800 tantam
888 1739 1049 1800 multitudi-

378 1839 449 1879 nem
463 1820 600 1883 hostium.
617 1820 750 1881 Audaciae
766 1838 898 1897 quoque,
914 1839 970 1895 qua
984 1840 1049 1882 mar

377 1900 457 1959 xime
479 1898 599 1980 viguit,
623 1899 699 1961 ratio
724 1898 814 1959 minui
840 1916 952 1976 potese;
982 1899 1048 1975 quia

377 1996 525 2054 nunquam
546 1978 576 2037 in
592 1977 743 2039 discrimen
760 1977 860 2047 venit,
883 1997 919 2036 an
939 1996 1049 2038 temere

377 2055 499 2119 fecisset.
510 2057 650 2136 Mazaeus,
663 2060 727 2137 qui,
744 2057 767 2117 si
780 2055 983 2118 transeuntibus
996 2054 1049 2116 flu-

377 2154 446 2196 men
457 2138 677 2213 supervenisset,
691 2137 856 2198 hauddubie
868 2156 1048 2213 oppressurus

374 2214 430 2276 fuit
441 2216 646 2294 incompositos
656 2239 667 2290 ς
677 2217 706 2276 in
718 2217 778 2295 ripa
794 2216 928 2283 demum,
947 2233 975 2274 et
988 2214 1047 2293 jam

374 2295 933 2374 perarmatos,-adequitarecupiuMille
944 2294 1047 2353 admo-

373 2372 445 2434 dum
455 2375 561 2452 equites
570 2376 749 2453 ptaemiserat.
761 2374 894 2451 Quorum
904 2374 1047 2451 paucitate

372 2451 539 2514 'dilexander
561 2456 734 2534 explorata,
755 2455 854 2514 deinde
877 2470 1045 2521 contemta,

372 2532 535 2609 prefectum
550 2533 687 2594 Paeonum
703 2534 830 2610 equiturn
845 2533 980 2593 Aristona
997 2530 1044 2590 la·

375 2608 455 2670 eratis
472 2608 587 2673 habenis
599 2610 693 2673 invehi
708 2613 795 2691 jussit.
805 2612 932 2693 ¹Insignis
943 2631 980 2670 eo
998 2612 1045 2672 die

371 2705 470 2770 pugna
480 2693 625 2769 equiturn,
638 2710 669 2752 et
677 2692 816 2770 precipue
825 2690 965 2752 Aristonis
976 2689 1044 2751 fuit:

375 2767 537 2845 prefectum
544 2771 683 2849 equitatus
689 2770 836 2831 Persarum
845 2771 1044 2847 Satropatem„

375 2846 481 2908 directa
494 2850 524 2908 in
539 2867 651 2930 gutture
665 2848 742 2909 hasta
758 2850 917 2923 transfixit;
933 2846 1045 2930 fugien-

344 2996 348 3002 ,
373 2941 490 3007 temque
502 2928 674 3010 permedios
685 2928 781 2997 hostes
795 2946 984 3001 consecutus,
1007 2948 1044 2990 ex
