2625 4017
402 555 596 629 LIBER
635 553 759 633 Vlll.
855 578 918 645 '427

242 688 374 738 mentes,
387 687 474 747 quam
483 667 611 749 ingentes
623 667 858 747 concupiscentiae
869 670 919 732 de·

242 748 476 815 voverunt.·Rert
492 747 641 828 benignius
655 768 742 825 quam
756 749 827 811 alias
841 752 919 811 allo·

242 849 346 898 cutus,
367 826 508 887 discedere
527 844 574 886 eos
592 824 627 886 ad
645 825 769 887 curanda
785 848 916 907 corpora,

243 905 918 990 quoniamrotanocteperstitt‘rsent,jubenssata

244 986 433 1071 suntsingulis
441 985 642 1066 quinquaginta
651 987 917 1059 sestertia-nouau-

245 1069 394 1146 datisque,
414 1063 484 1145 quod
504 1066 589 1125 etiam
614 1063 683 1124 aliis
702 1064 805 1126 tradita
825 1066 916 1137 vice,

246 1165 340 1209 rumen
360 1143 495 1225 excubare
513 1162 746 1225 perseverassent.
770 1146 817 1206 Illi
839 1162 918 1207 tanta

245 1248 296 1307 spe
305 1224 793 1288 destitutidomosabeunt:eeceteri
802 1226 918 1305 quidem

246 1308 447 1384 exspectabant
466 1303 593 1364 stationis
617 1325 673 1365 suae
697 1306 825 1369 noctem.
848 1304 918 1382 Epi·

246 1393 368 1456 menes,
390 1386 449 1445 sive
474 1384 610 1444 comitate
633 1383 726 1465 tegis,
751 1383 806 1464 qua
826 1385 926 1464 ipsum¹

246 1466 321 1527 inter
332 1466 495 1542 conjuratos
507 1480 678 1539 exceperat,
694 1485 809 1543 repente
823 1480 920 1525 muta·

247 1564 314 1619 tus3
335 1548 393 1606 sive
410 1545 475 1621 quia
489 1543 586 1619 coeptis
601 1542 682 1605 Deos
695 1548 804 1605 obstare
820 1545 916 1605 crede-

247 1628 322 1697 bat3
346 1624 425 1685 fratri
448 1643 501 1683 suo
523 1622 709 1698 Eurylocho,
730 1643 817 1702 quem
836 1641 921 1683 anteat

247 1722 395 1783 expertem
411 1723 470 1763 esse
486 1702 598 1762 consilii
614 1704 767 1773 voluerat,
785 1703 853 1782 quid
866 1723 918 1780 pa·

248 1802 358 1848 ratetur
367 1826 378 1854 ,
396 1782 495 1859 aperit.
510 1780 654 1842 Omnibus
672 1782 792 1843 Philotae
811 1782 920 1860 suppli·

248 1864 328 1926 cium
343 1865 372 1923 in
384 1863 474 1923 oculis
487 1878 558 1923 erat.
574 1862 673 1938 ltaque
686 1865 813 1941 protinus
829 1862 926 1943 injicit

248 1944 328 2006 fratri
345 1965 482 2010 manum,
502 1943 569 2001 etin
581 1943 689 2024 regiam
707 1941 835 2022 pervenit
848 1966 856 2003 e
869 1962 934 2003 ex·-

250 2023 398 2101 citatisque
414 2022 620 2083 custodibusco
655 2023 731 2093 oris,
753 2020 789 2083 ad
805 2018 924 2081 salutem

250 2102 328 2184 regis
340 2100 499 2183 pertinere,
518 2121 576 2179 quoe
592 2043 725 2181 affines,
742 2099 873 2164 affirmat.
884 2099 926 2160 Et

251 2201 383 2258 tempus,
395 2202 452 2257 quo
461 2199 617 2252 uenerant3
628 2198 657 2241 et
666 2183 761 2243 vultus
771 2180 845 2241 haud
857 2197 925 2240 sanc

252 2262 343 2325 securi
360 2260 450 2320 animi
467 2259 572 2333 index3
593 2277 622 2319 et
638 2261 771 2321 moestitia
785 2280 801 2321 e
815 2258 933 2320 duobus·

253 2341 369 2404 alterius
382 2379 393 2409 ,
407 2338 595 2400 Ptolemaeum
605 2359 639 2399 ac
648 2339 829 2402 Leonnatum
840 2358 929 2399 excu-

254 2425 353 2483 bantes
364 2418 398 2479 ad
408 2418 532 2479 cubiculi
545 2418 635 2479 limen
645 2420 839 2481 excitaverunt
850 2440 858 2478 :
870 2417 927 2476 ita·

255 2520 312 2580 que
329 2498 430 2576 apertis
441 2498 567 2567 fotibus,
587 2514 616 2557 et
627 2500 738 2560 lumine
749 2500 831 2559 illato
848 2494 928 2573 sopi-

256 2598 321 2641 tum
338 2598 422 2638 mero
436 2599 470 2638 ac
488 2598 592 2637 somno
608 2580 734 2640 excitant
750 2598 858 2660 regem.
873 2574 930 2634 Ille

257 2658 397 2737 paulatim
414 2674 512 2718 mente
524 2658 669 2730 collecta,
691 2656 756 2740 quirl
771 2652 902 2737 afferrent
918 2692 934 2723 ,

257 2741 426 2821 interrogat.
440 2737 504 2799 Nec
518 2754 650 2800 eontatus
664 2737 859 2816 Eurylochus,
877 2751 932 2793 non

260 2838 297 2879 ex
310 2836 366 2878 toto
387 2815 494 2877 domurn
513 2836 591 2877 suum
609 2817 734 2880 aversari
746 2815 826 2878 Deos
838 2813 908 2873 dixit
921 2849 933 2884 ,

259 2895 423 2978 puiafrater
434 2895 523 2977 ipsius
535 2916 686 2978 quanquam
699 2896 810 2978 impium
816 2890 935 2971 fucinus

260 2996 346 3048 aeuus
365 2973 444 3058 foret
454 2994 469 3053 ,·
492 2993 584 3040 tamen
609 2996 637 3041 et
658 2973 850 3061 penitentiam
873 2971 937 3053 ejus
1013 2995 1016 2999 >

726 3074 757 3138 N
776 3096 796 3135 n
815 3074 838 3153 ii
