2625 4017
256 581 261 599 Ι

252 611 259 627 t

259 639 266 652 o

259 698 267 821 Ι

303 585 367 660 '554'
489 572 533 655 o.
571 572 823 638 cunum

306 674 978 755 sentibusvidebatur‚exspectarepotiuaquan

306 778 426 820 movere
445 756 603 817 fortunam.
621 755 703 815 Tum
723 755 871 816 Perdicca·
879 774 911 818 ut
923 773 975 815 tor·

305 856 407 917 pentes
426 855 455 896 et
474 836 618 896 obnoxios
635 833 733 908 vidi13
756 856 815 895 ccc
835 836 916 905 fere,
936 834 981 912 qui

305 918 488 998 Meleagrum
516 931 716 991 erumpentem
744 931 787 973 ex
812 916 978 982 concione,

306 1019 369 1074 quae
378 1000 471 1075 prima
482 994 576 1054 habita
587 1012 629 1053 est
638 1011 705 1070 post
715 1013 846 1055 mortem
859 994 978 1054 Alexan·

306 1077 371 1146 dri,
391 1077 478 1137 secuti
492 1091 592 1142 erant,
609 1096 625 1132 a
637 1074 739 1132 ceteris
748 1072 910 1142 discretos,
929 1073 979 1133 ele·

306 1156 418 1235 phantis
429 1157 457 1214 in
468 1171 620 1231 conspectu
626 1152 715 1212 totius
723 1154 873 1214 exercitus
879 1151 981 1231 objicia

306 1254 464 1312 omnesque
480 1236 638 1293 belluarum
654 1231 775 1308 pedibus
788 1234 891 1293 obtriti
905 1250 979 1299 sunt,

306 1335 362 1375 nec
391 1313 557 1393 prohibente
585 1310 746 1389 Philippo,
768 1333 829 1373 nee
855 1329 981 1373 auctore:
1013 1345 1017 1350 ·

306 1398 515 1471 apparebatque
532 1392 559 1451 id
580 1391 671 1451 modo
684 1411 741 1467 pro
757 1414 815 1457 suo
826 1392 980 1455 vindicatu-

307 1494 372 1533 rum
387 1513 397 1542 ,
418 1471 493 1549 quod
504 1460 685 1549 &probasset
694 1487 832 1532 eventus.
845 1471 916 1531 Hoc
925 1469 979 1529 bel·

321 1572 405 1613 orum
424 1551 555 1611 civilium·
574 1548 784 1612 Macedonibus
803 1568 835 1612 et
855 1570 940 1610 omen
956 1561 981 1608 et

307 1632 480 1711 principium
496 1629 559 1690 fuit.
581 1631 732 1708 Meleager
750 1650 819 1692 sero
844 1630 979 1690 intellecta

306 1711 404 1772 fraude
422 1711 579 1779 Perdicca,
594 1727 655 1769 tum
666 1707 807 1785 quidem,
826 1711 895 1788 quia
904 1708 981 1787 ipsine

308 1789 425 1868 torpori
449 1789 575 1851 vinnon
600 1787 791 1859 afferebatur,
818 1790 851 1849 in
875 1787 979 1871 agmine

307 1872 417 1946 quietus
432 1871 527 1929 stetit:
540 1886 568 1928 at
584 1888 658 1927 mox
665 1909 676 1937 ,
694 1867 835 1929 damnata
849 1877 899 1947 'spe
912 1868 979 1929 salu·

305 1949 363 2017 eis,
384 1969 451 2007 cum
468 1948 529 2026 ejus
545 1948 683 2016 nomine,
705 1968 794 2023 quem
807 1950 871 2026 ipse
887 1949 981 2009 secent

306 2046 428 2108 regem,
448 2027 477 2085 in
495 2028 652 2103 perniciem
671 2047 753 2087 suam
774 2030 925 2089 abutentes
942 2025 980 2088 vi·

306 2107 385 2167 deret
402 2106 558 2179 inimicos3
578 2106 707 2187 confug-it
726 2106 757 2165 in
774 2110 940 2187 templum:
952 2124 980 2165 ac

307 2187 529 2263 uelociquidem
537 2186 675 2267 religione
684 2186 829 2258 defensus,
839 2187 985 2248 occiditur.

349 2265 402 2325 Cn
413 2286 442 2325 Ρ.
455 2265 496 2327 Χ.
509 2265 641 2325 Perdicca
654 2304 664 2332 ,
681 2265 822 2342 perducto
841 2268 873 2327 in
890 2269 981 2327 urbem

308 2344 611 2414 exercitu‚consilium
622 2344 784 2421 principum
795 2347 929 2407 virorum
937 2343 985 2403 ha·

306 2425 391 2494 buit,
416 2426 445 2484 in
461 2445 518 2500 quo
533 2422 675 2503 imperium
690 2422 731 2482 in
750 2422 845 2484 diuidi
861 2422 979 2506 placuit,

307 2521 398 2564 ucrex
409 2502 516 2583 quidem
533 2522 667 2562 summam
679 2502 738 2579 ejas
757 2502 922 2576 obtinerem
937 2520 983 2562 sa·

307 2601 399 2670 inanes
420 2580 587 2641 Ptolemaeus
602 2578 720 2663 AEgypti
739 2597 767 2640 et
790 2580 904 2655 Africa
915 2600 981 2721 §cuj

307 2680 399 2729 azam,
427 2682 485 2739 quae
506 2661 538 2720 in
560 2659 665 2735 ditione
686 2676 776 2722 erant.
801 2658 913 2722 Laome
933 2674 986 2720 ona

307 2737 391 2819 Syria
404 2760 464 2799 cum
476 2738 608 2800 Phaniae
620 2740 684 2799 data
700 2758 759 2799 est:
774 2737 903 2801 Philotae
919 2734 983 2800 Cili·

308 2819 353 2877 cia
371 2819 506 2879 destinata
525 2842 533 2880 :
556 2815 672 2898 Lyciam
693 2838 754 2878 cum
773 2816 944 2900 Pamplyiia
960 2833 982 2875 et

307 2896 410 2973 majore
425 2895 547 2978 Phiygia
563 2896 686 2957 obtinere
699 2899 789 2977 jussus
801 2897 982 2978 Antigonus.-

307 2974 344 3039 Ia
364 2975 477 3040 Cariam
496 2975 677 3050 Caesada,
698 2975 863 3040 Menander
882 2984 914 3040 in
931 2974 987 3059 Ly·
