2625 4017
433 553 755 641 irnrn1v.
880 548 960 656 ιη’

259 676 322 743 avis
339 676 369 740 in
381 679 513 759 proxima
533 697 607 740 turre
620 678 759 739 consedit.
779 672 855 737 Illita
875 689 946 740 erat·

259 762 348 821 rbrris'
360 760 499 820 bitumine
518 776 552 818 ae
571 757 703 836 sulphure
723 779 731 816 s
754 757 783 815 in
806 777 861 834 qua
881 757 936 819 alis

225 847 242 890 Γ
259 840 449 908 haerentibus,
472 838 569 898 frustra
587 857 615 897 se
635 838 760 897 allevare
778 854 896 898 conatus
914 857 935 899 a

257 919 503 980 circumstantibus
525 916 642 994 capitur.
664 915 761 997 Digna
781 935 825 975 res
844 916 932 987 visa,

259 999 295 1057 de
316 1001 373 1075 q'ua
394 1014 472 1058 vates
491 998 714 1055 consulerentur.
734 994 771 1054 Et
792 1012 852 1055 crat
871 1016 932 1056 non

259 1077 382 1137 intactus
393 1096 425 1136 ea
438 1075 634 1153 superstitione
645 1073 757 1133 mentis.
766 1068 844 1154 Erg'o
853 1073 935 1135 Aris·

259 1155 377 1224 eander,
395 1155 440 1215 cui
451 1154 577 1213 maxima
588 1152 655 1211 fides
669 1151 840 1219 habebatur,
856 1152 933 1214 urbis

257 1232 368 1315 quidem
379 1229 518 1294 excidium
533 1230 646 1310 augurio
657 1228 706 1287 illo
714 1227 865 1310 portendi,
885 1251 934 1291 ce-

258 1333 347 1373 terum
355 1309 508 1393 periculum
520 1330 596 1379 esse,
606 1310 712 1387 inquit,
724 1329 759 1368 ne
770 1330 824 1369 rex
833 1307 934 1372 uulnus

259 1390 409 1471 acciperet.
429 1392 527 1467 Itaque
542 1390 675 1457 monuit,
701 1409 735 1448 ne
753 1386 820 1468 quid
836 1408 867 1447 eo
884 1386 934 1452 die

242 1506 246 1513 ·
258 1469 406 1550 inciperet.
416 1470 469 1530 llle
482 1489 642 1547 quanquam
652 1488 739 1528 unam
749 1470 847 1529 urbem
859 1470 910 1529 sibi
917 1512 931 1540 ‚

258 1549 414 1629 quominus
431 1623 433 1627 Ι
448 1570 560 1609 securus
594 1546 750 1628 AEgyptum
781 1549 896 1608 intraret
919 1588 932 1619 ‚

261 1632 373 1704 obstare
392 1649 463 1709 aegre
479 1628 606 1699 ferebat3
628 1646 724 1686 tamen
740 1627 832 1702 paruit
850 1628 931 1697 vati,

258 1710 427 1798 signumque
450 1708 576 1784 receptui
602 1705 687 1766 dedit.
715 1705 794 1764 Hinc
820 1705 933 1766 animus

257 1787 349 1848 crevit
369 1788 502 1847 obsessis:
515 1784 673 1867 egressique
695 1801 776 1861 porta
796 1783 933 1844 receden-
1025 1777 1032 1788 ’

258 1866 568 1946 tibusinferuntsigna3
583 1866 794 1923 cunctationem
805 1861 932 1925 hostium

257 1947 322 2005 fore
342 1966 422 2005 suam
444 1945 624 2005 occasionem
647 1944 710 2003 rati.
735 1943 788 2005 Sed
811 1944 934 2015 acrius,

258 2045 346 2103 quarn
356 2026 529 2084 constantius
538 2024 665 2101 praelium
676 2023 816 2082 inierunt:
827 2023 933 2099 quippe

258 2122 290 2165 ut
312 2104 505 2164 Macedonum
528 2104 606 2183 signa
628 2101 782 2183 circumagi
801 2101 896 2161 vidire
919 2140 932 2172 ‚
1010 2151 1013 2157 .

257 2198 375 2259 repente
392 2184 490 2243 sistunt
500 2184 628 2262 gradum.
646 2182 768 2259 Jamque
783 2180 816 2241 ad
831 2201 931 2261 regern

258 2262 447 2339 praeliantium
463 2264 573 2323 clamor
585 2278 774 2338 pervenerat;
793 2280 858 2320 cum
875 2260 930 2320 de·

257 2341 380 2401 nuntiati
397 2341 515 2419 periculi
526 2341 599 2401 haud
616 2360 683 2399 sane
697 2358 831 2407 memor,
856 2339 930 2398 lori·

256 2440 323 2480 cam
336 2437 454 2489 tamen,
472 2415 556 2497 qnam
574 2442 637 2479 raro
656 2417 810 2485 induebat,
831 2418 933 2477 amicis

257 2502 403 2561 orantibus
418 2502 536 2570 sumsit3
557 2517 586 2558 et
601 2497 634 2557 ad
649 2497 749 2574 'prima
769 2496 845 2576 signa
865 2516 935 2574 per·

257 2580 348 2641 venit.
365 2577 437 2655 Quo
449 2595 603 2655 conspecto
619 2578 709 2635 Arabs
721 2575 835 2651 quidam
847 2575 931 2636 Darii

255 2658 361 2728 miles,
384 2658 473 2732 majus
489 2658 601 2716 fortuna
623 2677 671 2714 sna
693 2656 800 2714 facinus
822 2674 933 2725 austra,

257 2739 363 2814 clypeo
382 2736 509 2817 gladium
530 2754 657 2815 tegens,
686 2735 763 2810 quasi
788 2740 932 2815 transfuga

256 2817 378 2895 genibus
405 2817 478 2896 regis
504 2816 677 2889 advolvitur.
706 2813 761 2874 llle
785 2829 934 2891 assurgere

256 2893 406 2976 surplicern
422 2938 432 2961 ,
457 2893 596 2979 recipique
609 2893 682 2951 inter
698 2912 764 2953 suos
783 2892 872 2967 iussit.
887 2891 936 2952 An

255 2976 353 3053 gladio
371 2978 502 3038 barbarus
519 2992 629 3037 strenue
646 2973 678 3031 in
694 2972 820 3036 dextram
836 2989 934 3032 trans·:

802 3068 836 3148 Q

970 3415 1088 3545 Ι·
