2625 4017
475 529 670 599 ttsett
709 536 864 620 vast..
928 547 993 619 a·

316 638 345 702 in
357 656 390 699 ea
400 635 534 717 regione,
543 659 746 719 acceptumque
755 641 858 702 animis
866 662 989 726 regnan·

315 720 390 782 tium
402 736 573 778 armentum.
590 719 736 796 Quarenti
749 723 912 782 Alexandro
925 723 988 803 plu·

315 819 362 861 ret
381 794 564 877 agricultores
575 796 705 870 lttltetet,
728 823 763 861 un
777 800 909 862 milites?
928 822 989 863 tunt

314 875 421 937 duobus
434 874 544 955 tegibus
556 875 670 937 bellanti
682 880 737 941 sibl
750 882 854 959 majore
871 880 991 941 militum

316 977 398 1037 quam
411 955 564 1036 agrestium
576 979 656 1017 manu
674 956 740 1039 aput
757 982 818 1019 esse
835 962 991 1039 respondit.

317 1038 452 1098 Abisares
461 1055 490 1096 et
500 1035 589 1098 Porus
601 1057 681 1099 erant
694 1062 703 1110 ς
720 1042 767 1101 sed
782 1043 811 1099 in
827 1040 904 1100 Poro
918 1042 991 1101 emi-

318 1120 406 1177 nebat
421 1116 583 1178 auctoritas.
604 1118 733 1197 Uterque
748 1122 819 1180 ultta
836 1120 989 1197 Hydaspen

318 1217 436 1258 amnem
448 1200 602 1277 regnabat3
620 1218 647 1257 et
657 1201 724 1260 belii
734 1201 898 1267 fortunam,
912 1202 991 1277 quis·

318 1278 382 1353 quis
402 1297 482 1335 arma
503 1277 642 1347 inferret,
672 1281 792 1356 experiri
815 1280 992 1340 decreverat.

320 1355 467 1433 Omphis,
488 1357 668 1433 permittente
685 1360 872 1429 Alexandro,
894 1378 922 1420 et
938 1379 990 1418 te-

319 1436 401 1517 gium
417 1436 527 1519 insigne
543 1437 662 1507 sumsit,
682 1456 710 1497 et
730 1460 809 1498 more
826 1441 916 1527 gentis
935 1460 990 1498 suat

319 1534 429 1576 nomen
441 1517 516 1592 quod
535 1517 618 1593 partis
628 1515 736 1587 fuerat,
758 1516 879 1577 Tautlen
890 1520 990 1595 appel-

319 1598 417 1656 lavere
428 1598 597 1673 populares,
614 1616 747 1672 sequente
761 1598 879 1657 nomine
896 1601 991 1674 impe·

320 1676 396 1738 rium
413 1676 441 1734 in
455 1696 663 1752 quemcumque
681 1677 819 1736 transiret.
838 1675 913 1757 Ergo
926 1698 993 1737 cum
1038 1673 1040 1678 ¹

319 1776 371 1834 pet
394 1754 517 1815 triduum
536 1754 714 1830 hospitaliter
729 1756 922 1818 Alemndtum
944 1777 994 1815 ac·
1013 1808 1015 1813 .

319 1836 458 1911 cepisset,
480 1854 579 1912 quarto
596 1835 661 1902 die,
683 1853 711 1894 et
722 1837 848 1911 pannium
856 1832 996 1911 ftunzenti

320 1915 432 1993 copiis,
456 1935 522 1992 puts
536 1912 716 1991 Hephoestt'an
736 1912 874 1983 duxerat,
893 1914 995 1995 pradi-

322 2012 380 2054 tum
394 2013 452 2052 use
470 2011 544 2053 esset
556 1994 698 2067 ostendit3
717 2013 745 2053 et
763 2016 860 2054 aureas
875 2014 998 2055 coronas

320 2075 373 2151 ipsi
383 2073 536 2151 amicisque
548 2074 699 2142 omnibus,
716 2074 883 2151 praterhac
895 2072 999 2155 signati

266 2186 269 2192 ·
322 2154 432 2232 argenti
447 2173 528 2212 txxx
539 2156 643 2211 talenta
663 2154 740 2212 dono
756 2154 841 2214 dedit.
859 2152 927 2229 Qua
946 2157 998 2212 be-

322 2233 461 2312 nignitate
479 2232 539 2303 ejus
560 2232 724 2291 Alexander
745 2233 815 2291 mire
840 2233 943 2300 latus,
969 2246 1001 2291 et

323 2335 384 2391 quae
400 2314 422 2371 is
439 2311 572 2380 dederat,
595 2312 724 2382 remisit3
746 2330 774 2370 et
794 2312 873 2370 mille
893 2312 1004 2371 talenta

323 2414 360 2454 ex
374 2392 486 2468 ptaeda,
502 2411 587 2465 quam
601 2390 722 2449 vehebat
734 2430 744 2458 ,
759 2391 882 2465 adjecit:
898 2391 1004 2449 multa-

322 2494 379 2550 que
399 2471 562 2532 convivalia
579 2488 615 2528 ex
635 2489 704 2527 auto
722 2487 750 2528 et
769 2488 887 2549 argento
906 2490 972 2530 vasa
991 2508 1006 2535 ,

322 2551 481 2631 plurimum
505 2549 621 2608 Persicae
643 2549 748 2618 vestis,
771 2569 833 2607 xux
856 2570 946 2625 equos
965 2564 1007 2607 ex

323 2631 391 2699 suis,
401 2652 466 2690 cum
478 2630 577 2688 iisdem
590 2629 754 2709 insignibus,
764 2629 863 2704 quibus
874 2641 1004 2687 assueve-

324 2728 483 2778 rant‚cum
494 2708 743 2785 ipsumvehetent.
753 2707 828 2785 Quat
838 2705 1006 2773 liberalitas,

322 2792 395 2850 sicut
406 2791 557 2848 barbatum
570 2789 756 2848 obstrinxerat
765 2811 777 2859 ς
789 2787 826 2845 ita
839 2788 948 2846 amicos
961 2787 1015 2864 ip'v

323 2872 379 2930 sius
394 2868 580 2931 vehementer
591 2867 719 2940 offendit.
737 2869 760 2929 E
780 2867 879 2944 quibus
893 2867 1008 2925 Melea-

323 2970 376 3031 ger
386 2949 732 3031 supereoenamlatgiote
747 2948 815 3012 vino
828 2968 912 3015 usus,
934 2955 1008 3026 ΕΜ·

808 3045 831 3106 Ρ
849 3068 868 3127 p
884 3046 918 3128 ii
