2625 4017
381 578 444 650 '344'
563 569 607 651 Q.
647 567 888 634 CURTll

385 671 613 734 custodiebatur
605 694 634 731 rn
647 673 789 747 vinculis;
803 672 956 734 eumdem
947 697 975 734 m
988 672 1060 735 Phi⁴

382 752 454 843 lippi
471 772 584 829 quoque
601 752 706 813 caedem
724 754 885 831 conjurasse
902 774 969 813 cum
981 754 1059 815 Pau-

383 832 485 901 sania,
502 852 555 907 pro
567 849 716 909 comperto
728 833 799 891 fuit:
814 832 862 892 sed
871 833 936 909 quia
948 834 1062 909 primus

383 911 580 971 Alexandrum
594 907 701 1002 Regem
715 914 901 972 salutaverat·
893 913 1061 990 ,supplicio

384 990 475 1070 magis
488 1010 574 1067 quam
589 990 703 1049 crimini
696 991 808 1051 'fuerat
818 1004 958 1051 exemtus.
979 991 1061 1051 Tum

382 1090 497 1161 quoque
508 1068 651 1146 Antipatri
662 1070 753 1129 soceri
766 1070 826 1146 ejus
839 1089 935 1146 preces
953 1070 1060 1147 justam

382 1149 456 1229 regis
469 1150 540 1208 iram
554 1150 751 1210 morabantur.
769 1149 906 1209 Ceterum
919 1148 1065 1209 recruduit

381 1225 530 1305 soporatus
554 1228 649 1287 dolor.
676 1226 793 1305 Quippe
815 1230 920 1288 veteris
939 1225 1062 1304 periculi

382 1307 554 1367 memoriam
565 1308 705 1384 praesentis
715 1328 782 1367 cura
794 1310 960 1368 renovabat.
970 1307 1064 1389 lgitur

380 1387 546 1446 Alexander
557 1406 594 1445 ex
606 1385 733 1445 custodia
744 1386 892 1447 educitur·
885 1429 894 1457 ‚
916 1387 1062 1462 jussusque

382 1464 497 1533 dicere,
519 1485 605 1541 quam
623 1482 686 1523 toto
698 1464 822 1525 triennio
835 1466 986 1525 meditatus
998 1483 1063 1525 erat

377 1542 599 1636 defensionem,
621 1542 751 1603 haesitans
772 1563 800 1604 et
823 1546 946 1621 trepidus
968 1565 1063 1622 pauca

382 1621 496 1692 exiis,
522 1644 583 1700 quae
604 1641 827 1701 composuerat,
851 1624 999 1699 protulit:
1025 1622 1063 1683 ad

379 1701 516 1764 ultimum
533 1723 592 1761 non
610 1703 751 1763 memoria
769 1705 886 1772 solum,
904 1703 950 1762 sed
969 1701 1063 1763 etiam

382 1800 465 1841 mens
485 1802 552 1841 eum
573 1782 708 1843 destituit.
732 1782 814 1842 Nutti
834 1800 894 1841 erat
911 1782 1057 1853 dubium,

380 1862 451 1938 'quin
463 1860 613 1936 trepidatio
627 1860 805 1922 conscientiae
816 1861 951 1922 indicium
965 1881 1039 1920 esset
1052 1900 1063 1930 ,

380 1960 442 1998 non
460 1938 606 1999 memoriae
622 1941 735 2002 vitium.
757 1942 853 2017 Itaque
872 1962 908 2000 ex
928 1941 994 2009 iis,
1009 1941 1063 2016 qui

380 2018 524 2108 proxime
537 2017 722 2088 aduiteram,
751 2021 944 2083 obluctantem
965 2018 1062 2080 adhuc

380 2096 525 2158 oblivioni
544 2098 649 2157 lanceis
666 2098 866 2160 confoderunt.
885 2098 975 2189 Cuius
989 2119 1061 2157 cor·

379 2193 452 2254 pore
471 2176 604 2246 sublato,
624 2198 676 2236 rex
696 2176 863 2237 introduci
857 2177 933 2254 tussit
947 2173 1060 2269 ‘4¹3³an

380 2274 439 2316 tam
451 2275 477 2314 et
487 2252 653 2317 Simmiam:
646 2278 734 2315 nam
747 2258 906 2325 Polemon,
920 2257 1065 2318 minimus

382 2335 581 2404 exstatribus,
598 2357 665 2396 cum
675 2335 809 2396 Philotan
829 2337 952 2413 torqueri
972 2357 1061 2396 com-

379 2415 526 2505 perisset,
561 2417 736 2506 profugerat
767 2414 912 2475 Omnium
937 2414 1060 2477 Philotae

380 2494 542 2556 amicorum
558 2494 587 2552 hi
601 2495 736 2554 carissimi
755 2496 884 2556 fuerant:
896 2495 931 2554 ad
950 2516 1060 2574 magna

380 2589 411 2633 et
422 2571 563 2632 honorata
574 2574 754 2641 ministeria,
773 2574 847 2633 illius
860 2575 1028 2633 maxime
998 2575 1061 2633 suf-

378 2652 538 2731 fragatione
560 2654 716 2730 producti.
737 2653 961 2729 memineratque
982 2672 1058 2721 rex,

378 2751 495 2791 summo
512 2733 604 2792 studio
623 2736 658 2792 ab
672 2753 709 2792 eo
721 2731 889 2792 conciliatos
905 2732 978 2801 sibi;
1000 2752 1058 2791 nec

377 2809 547 2879 dubitabat,
578 2809 624 2891 huj
626 2831 659 2870 ur
690 2830 791 2889 quoque
820 2810 910 2870 ultimi
940 2808 1057 2869 consilii

373 2886 471 2966 fuisse
490 2834 654 2981 participes.
685 2891 796 2979 Igitur,
827 2888 893 2951 olim
914 2908 975 2948 esse
998 2886 1058 2948 sibi

381 2983 524 3049 suspectos
542 2968 714 3038 matrissuae
732 2967 845 3042 literis,
865 2966 961 3051 quibus
980 2981 1061 3047 esses
