2625 4017
361 507 456 628 'ms
573 536 618 624 ρ,
657 536 918 602 constr·

398 669 418 719 a
436 640 538 723 cetegi
556 657 669 721 potest,
690 659 769 718 quom
786 656 816 697 ut
831 636 959 719 quadam
974 656 1003 703 et
1017 654 1084 706 tra-³

421 743 498 785 atnus
515 721 598 788 illis,
617 736 643 780 et
658 717 693 779 alr
712 716 813 783 iisdem
831 717 987 785 discamus.
1004 720 1083 783 Illud

397 825 469 887 perte
490 801 605 883 dignum
627 798 686 861 sisu
699 796 786 874 fuit,
812 797 882 877 quod
905 797 1083 874 Hermolaus

397 881 555 965 postulabat
567 901 584 939 a
597 898 639 943 me
650 919 661 949 ,
674 896 704 936 ut
714 896 857 962 aversarer
865 876 986 947 donem,
1000 882 1082 962 cujus

402 960 511 1024 oraculo
529 978 674 1039 agnoscor.
693 955 740 1019 An
752 973 838 1016 ettam
855 956 920 1035 quid
937 957 996 1019 Dii
1014 982 1081 1022 res-

401 1041 561 1122 pondeant,
582 1038 611 1097 itt
634 1057 694 1097 mea
712 1053 850 1117 potestate
871 1039 944 1097 est?
968 1037 1080 1105 Obtulit

402 1117 566 1199 nomenfilii
579 1115 646 1176 milti
658 1143 668 1175 .·
680 1115 802 1195 recipere
814 1114 885 1195 ipsis
895 1115 995 1187 rebus,
1010 1140 1080 1197 quas

401 1200 535 1283 agimus,
560 1194 631 1257 lzaud
646 1193 767 1268 alienum
777 1191 849 1270 fuit.
871 1194 992 1256 Utinam
1013 1197 1079 1261 Indi

401 1272 405 1308 ⁵
421 1300 505 1356 uotpue
517 1278 608 1336 Deum
625 1295 687 1334 esse
704 1294 745 1332 me
759 1272 883 1339 credaut.
901 1271 992 1336 Fama
1005 1280 1080 1342 enim

401 1303 475 1425 bella
491 1372 642 1427 constaat‚·
663 1370 689 1412 et
703 1373 776 1431 saepe
791 1353 896 1421 etiam,
917 1355 991 1431 quod
1000 1356 1080 1435 falsa

402 1436 537 1513 preditum
551 1452 617 1503 est,
638 1431 699 1493 ueri
717 1432 805 1493 uicem
822 1431 954 1495 obtinuit.
974 1436 1023 1509 Aa
1038 1458 1080 1498 tne

402 1515 520 1582 luxuria·
541 1510 729 1593 indulgentem
751 1511 855 1591 putatis
878 1533 960 1573 arma
983 1536 1080 1578 restra

402 1617 468 1666 astro
480 1612 645 1673 argentoque
658 1590 834 1668 adornasse?
856 1591 993 1654 Assuetis
1007 1594 1081 1657 nibil

402 1674 489 1743 vilius
502 1672 553 1734 ltac
563 1671 656 1733 uidete
670 1670 804 1739 materia,
825 1669 899 1732 uolui
910 1674 1058 1737 ostendere
1068 1718 1080 1747 ,

379 1790 381 1795 ·
401 1750 575 1825 Macedonas
587 1751 706 1812 inuictos
717 1750 881 1831 peteris‚nec
893 1771 960 1812 outo
970 1755 1080 1832 quidem

402 1832 491 1903 vinci,
513 1830 619 1906 chlos
635 1850 701 1909 ergo
717 1828 834 1911 primum
850 1851 942 1894 eorum
965 1834 1080 1895 sordida

403 1911 496 1972 otnnia
516 1930 543 1970 et
558 1907 674 1969 humilia
691 1909 872 1989 spectantium
891 1910 1030 1991 capiam;
1054 1932 1081 1975 et

402 1990 503 2058 docebo
524 2009 574 2048 nos
593 2008 648 2048 non
666 1988 725 2048 auti
745 2006 792 2052 aut
812 1989 923 2067 argenti
941 1994 1081 2073 ¹cupidos,

402 2063 456 2131 'sed
484 2066 572 2130 orbem
602 2085 734 2128 terrarum
761 2067 924 2129 subacturos
952 2074 1082 2147 uenisse,

404 2146 498 2229 Quom
506 2146 629 2228 gloriam
651 2166 680 2206 tu
692 2146 832 2226 parricida
847 2146 1016 2233 intercipere
1028 2177 1081 2215 uo·

404 2227 507 2295 luisti,
529 2244 556 2287 et
570 2225 743 2304 Macedonas
758 2247 822 2307 tege
839 2227 947 2289 aderato
959 2230 1082 2295 deuictis

399 2305 534 2394 gentibus
553 2304 663 2382 dedere,
688 2306 728 2389 stt
749 2327 821 2381 autre
841 2329 936 2380 mortes
955 2332 1024 2390 ¹me,
1051 2332 1082 2374 ut

403 2386 507 2451 uestris
526 2384 687 2466 parentibus
701 2405 811 2466 paream
836 2396 848 2454 ‚¹
865 2408 920 2464 non
938 2394 1081 2471 oportebat

403 2464 514 2546 quidem
526 2486 575 2532 uos
588 2464 686 2532 scire,
707 2464 770 2541 quid
787 2464 820 2524 de
835 2465 879 2526 ltis
891 2471 1079 2545 statuissem,

403 2566 455 2625 quo
468 2543 604 2610 tristiores
616 2543 743 2625 periretis
754 2587 764 2615 ,
784 2542 811 2604 si
825 2567 877 2624 pua
887 2549 967 2612 vobis
977 2572 1081 2630 paren-

403 2643 461 2695 rum
478 2622 651 2702 memoriast
671 2644 735 2684 cura
753 2643 796 2684 est
813 2651 823 2685 .·
840 2627 890 2687 sed
909 2628 975 2689 olim
993 2632 1081 2698 istum

403 2724 505 2768 morem
516 2700 658 2763 occidendi
669 2723 729 2762 cum
740 2703 868 2765 scelestis
880 2707 1006 2771 insontes
1012 2704 1079 2791 pto,-

326 2856 328 2858 μ
399 2785 519 2866 pittquos
537 2802 716 2863 patentesque
735 2782 817 2847 solui.
841 2784 880 2847 Et
893 2786 1027 2868 profiteor
1049 2794 1080 2855 in

405 2862 497 2923 eodem
511 2860 722 2943 lantsefoturos
732 2884 824 2924 omnes
834 2886 898 2936 eos,
911 2866 939 2927 itt
954 2871 1082 2949 quosue·

403 2960 478 3004 ruat.
496 2940 573 3002 Nam
589 2960 662 3000 tuum
676 2939 889 3016 catttstttetzen,
908 2947 952 3006 cui
968 2954 1018 3012 uni
1036 2953 1082 3017 uir
