2625 4017
335 513 395 628 ‘33⁸
514 533 558 615 ρ.
598 531 841 598 currit

336 642 392 705 tius
402 654 503 701 cuncta
515 653 701 717 cognosceret
712 658 722 708 3
733 636 891 705 concilium
904 637 933 698 in
945 648 1015 717 posi

277 760 282 771 ·
337 740 430 784 terum
448 720 524 778 diem
542 718 670 776 distulit:
686 732 715 775 et
725 736 886 794 quanquam
898 719 929 776 in
946 740 1013 781 ves·

336 797 436 891 peram
448 798 603 858 inclinabat
615 797 692 864 dies,
713 813 811 854 tamen
822 795 930 856 amicos
943 819 1012 858 curt-

336 878 431 944 uocari
445 880 533 956 jubet.
553 875 708 947 Etceteris
725 876 839 950 quidem
856 878 1014 951 placebat,

336 956 525 1036 Macedonum
536 976 607 1015 more
620 953 696 1015 obrui
709 953 791 1013 taxis
801 974 815 1026 ‚·
825 954 1014 1033 Hephaestion

336 1057 436 1103 eutem
451 1054 481 1098 et
494 1042 624 1096 Craterus
634 1051 664 1094 et
676 1033 784 1093 Coenus
801 1035 946 1096 tormentis
964 1057 1022 1098 rev·

337 1120 449 1184 ritatem
460 1113 669 1198 exprimendam
680 1134 742 1173 esse
754 1112 884 1175 dixerunt
901 1139 910 1177 t
931 1134 960 1176 et
970 1116 1015 1186 illi

338 1219 476 1278 quoque,
500 1196 549 1274 qui
569 1194 646 1255 aliud
667 1210 833 1262 suaserant,
854 1195 883 1253 in
906 1194 1013 1257 horum

336 1278 507 1356 pertentium
528 1292 683 1335 transeunt.
718 1272 850 1333 Consilio
873 1294 944 1354 ergo
966 1275 1013 1335 di·

339 1360 429 1419 misso
441 1396 450 1424 ‚
463 1353 648 1432 Hephaestion
665 1374 732 1413 cum
742 1352 863 1412 Cratero
877 1373 906 1414 et
917 1355 1014 1420 Coeno

337 1438 374 1500 ad
386 1435 568 1516 quaestionem
582 1433 616 1493 de
632 1432 745 1501 Philota
759 1432 920 1495 habendam
939 1455 1014 1496 con-

338 1532 467 1598 mrgunt.
488 1515 551 1574 Rex
572 1513 693 1573 Cratero
716 1511 877 1582 accersito,
903 1531 932 1576 et
952 1534 1013 1576 ser·

339 1617 429 1659 mone
440 1594 538 1654 habito
551 1636 559 1661 ‚
581 1594 660 1669 cujus
672 1613 782 1652 summa
792 1612 851 1651 non
863 1594 938 1655 edita
949 1613 1014 1667 eset

338 1675 518 1755 inintimam
537 1673 683 1733 diversorii
698 1690 809 1751 partem
827 1675 960 1743 secessit,
986 1691 1017 1735 et

338 1756 459 1820 remotis
468 1754 577 1814 arbitris
586 1754 615 1811 in
624 1754 745 1813 multant
756 1768 873 1813 noctem
884 1756 1017 1832 questio·

338 1833 384 1905 riis
399 1834 714 1913 expectaviteventum.
727 1832 866 1894 Tortores
881 1834 911 1893 in
929 1855 1018 1895 cons·

338 1932 425 1997 pectu
444 1911 565 1973 Philotae
587 1912 687 1971 omnia
709 1911 879 1973 crudelitatis
904 1914 1012 1975 instru-

339 2011 438 2070 menta
447 2009 623 2071 proponunt.
632 1992 669 2051 Et
677 1990 727 2051 ille
736 1993 830 2062 ultro,
843 1991 909 2071 quid
919 2012 1016 2058 cerse-

339 2075 399 2145 ee's,
410 2072 518 2150 inquit,
529 2071 605 2152 regis
615 2070 775 2139 inimicum,
788 2070 995 2148 interfectorem
1003 2114 1016 2141 ,

339 2152 517 2236 evrfitentem
532 2148 685 2212 occidere?
707 2148 773 2229 quid
784 2151 1024 2234 questione-optet·

341 2235 415 2300 ese-,²
423 2230 574 2315 eogitari,-
589 2228 676 2294 volui.
691 2229 825 2292 Craterus
836 2232 970 2313 exigere,
985 2248 1018 2293 rte

339 2327 403 2397 que
420 2310 618 2391 eonfiteretur,
642 2308 673 2368 in
690 2309 832 2372 tormentis
850 2332 953 2392 quoque
970 2310 1018 2371 dt·-

340 2410 427 2471 eerer,
452 2394 535 2473 Dum
557 2389 733 2466 corripitur,
761 2392 830 2452 dum
853 2393 1018 2475 obligantur

341 2475 444 2545 oculi,
465 2473 533 2534 dum
543 2470 628 2534 vestis
639 2470 769 2541 exuitur,
792 2468 874 2542 Deos
886 2472 1021 2554 patrios,

337 2550 465 2638 gentium
474 2554 539 2632 jura
549 2594 561 2622 ,
573 2549 763 2627 nequidquam
775 2552 848 2629 apud
859 2552 953 2613 surdas
966 2577 1019 2616 au-

338 2646 385 2708 ree
402 2632 566 2716 iuvooebat.
582 2631 638 2693 Per
653 2629 771 2692 ultimos
785 2633 885 2693 deinde
901 2635 1016 2699 crucia.-
1070 2685 1074 2692 ,

339 2729 407 2783 tet,
425 2720 525 2790 utpote
536 2712 701 2779 damnatus,
721 2711 886 2773 etinimicis
902 2714 931 2773 in
947 2736 1025 2795 gra--

340 2793 412 2855 tiam
421 2792 496 2876 regis
505 2789 854 2868 torquentibuslacetatur.
864 2793 1016 2872 Acprimo

340 2877 503 2951 mudum
516 2870 583 2929 hinc
596 2868 690 2949 iguis,-
708 2872 788 2932 illine
801 2876 939 2943 verbera,
953 2875 1026 2952 jam·

340 2949 660 3051 310„2t3u35e0n2u,
673 2951 720 3015 sed
732 2952 766 3014 ad
775 2973 890 3057 petierit
899 2953 1019 3040 ingeres,

1119 713 1122 750 l
