2625 4017
501 584 690 649 ursan
729 583 824 649 rrr.
940 605 993 662 1„

321 688 407 751 Tunc
425 683 581 749 'consistere
600 704 699 764 agmen
719 686 796 763 jubet
817 706 827 759 ς
854 686 995 768 aeuisque

320 767 379 847 ipse
394 789 458 831 sum
479 768 535 835 tis,
551 765 643 826 aciem
662 767 820 829 ordinabat.
834 766 927 828 Dario
940 768 992 829 ad·

319 867 440 911 ventum
455 789 581 907 iostium
594 846 688 921 pauidi
701 864 822 925 agrestes
837 848 991 911 nuntiave-

319 946 403 997 runt,
423 927 477 989 vix
493 924 618 987 credenti
629 944 777 986 occurrere
791 926 900 995 etiam,
937 950 991 989 uos

320 1027 349 1069 ut
364 1007 511 1088 fugientes
524 1005 701 1081 sequebatur.
713 1004 789 1095 Ergo
802 1026 862 1065 non
874 949 989 1068 meilo-

321 1088 373 1148 cris
387 1085 524 1147 omnium
545 1082 658 1144 animos
674 1084 799 1144 formido
818 1085 988 1147 incesserat:

322 1167 424 1245 quippe
432 1162 624 1241 itineriquam
638 1164 736 1239 praelio
749 1163 872 1238 aptiores
885 1182 966 1225 erant
979 1204 993 1235 ,

320 1248 480 1324 raptimque
496 1264 577 1303 arma
587 1244 747 1319 capiebant.
759 1242 814 1303 Sed
831 1243 891 1319 ipsa
909 1243 990 1304 festi-

322 1327 398 1387 natio
410 1322 646 1391 discurrentium,
666 1321 828 1399 suosquead
840 1343 919 1383 arma
930 1343 990 1384 vo·

321 1406 472 1473 cantium,
492 1403 634 1477 maiorem
652 1420 762 1462 metum
781 1402 907 1464 incussit.
926 1401 990 1465 Alii

321 1481 346 1543 iu
365 1486 471 1564 jugum
486 1481 594 1541 montis
613 1498 785 1550 evaserant,
812 1499 844 1541 ut
859 1480 987 1544 hostium

321 1582 422 1645 agmen
442 1561 510 1621 iude
527 1559 737 1637 prospicerent:
750 1581 838 1638 equos
856 1562 986 1639 plerique

320 1640 476 1704 frenabant.
488 1639 606 1700 Discors
615 1642 773 1710 exercitus,
786 1659 840 1699 nec
850 1640 884 1699 ad
894 1660 987 1703 unum

322 1717 442 1783 intentus
460 1718 634 1795 imperium,
650 1720 730 1781 vario
746 1719 870 1780 tumultu
882 1739 986 1783 cuncta

321 1804 488 1863 turbaverat.
508 1797 613 1858 Darius
634 1797 718 1858 initio
748 1796 855 1859 montis
883 1798 985 1880 jugum

321 1898 380 1941 tum
394 1897 477 1959 parte
496 1875 647 1954 copiarum
667 1899 808 1957 occupare
824 1879 940 1949 statuit,
954 1896 985 1941 et

321 1961 437 2021 tfroute
446 1975 478 2019 et
486 1978 504 2017 a
513 1975 595 2037 tergo
606 1957 801 2019 circumiturus
813 1956 924 2019 hostem
937 1981 946 2018 :
964 1981 983 2021 a

322 2040 386 2099 mari
399 2056 533 2116 quoque,
548 2056 606 2113 quo
618 2035 749 2095 dextrum
761 2039 821 2116 ejus
835 2056 924 2097 cornu
939 2054 983 2098 te-

320 2122 450 2196 gebatur,
465 2115 538 2176 alios
551 2115 733 2191 objecturus,
750 2134 780 2177 ut
792 2115 914 2193 undique
932 2138 984 2177 ut·-

320 2214 404 2275 geret.
425 2196 528 2256 Preter
542 2193 602 2254 hac
618 2194 722 2276 viginti
736 2196 827 2257 millia
841 2196 984 2274 praemissa

319 2294 379 2337 mm
387 2273 599 2356 sagittariorum
606 2295 710 2343 manu,
721 2273 854 2334 Pinarum
863 2294 983 2343 amnem,

318 2357 358 2431 qui
379 2358 439 2417 duo
451 2354 566 2437 agmina
578 2352 775 2423 interfluebat,
793 2352 933 2419 transire,
955 2370 983 2412 e:

318 2432 432 2513 objicere
449 2452 513 2494 sere
529 2429 715 2492 Macedonum
736 2429 824 2511 copiis
841 2431 982 2508 jusserat:

316 2512 342 2570 si
355 2514 387 2575 id
401 2528 539 2594 praestare
550 2532 604 2571 non
612 2529 748 2592 possent,
765 2508 934 2569 retrocedere
950 2510 982 2571 in

317 2609 441 2663 nentes,
463 2609 491 2652 et
506 2589 611 2651 ecculm
627 2589 771 2651 circumire
782 2587 893 2649 ultimos
914 2586 984 2649 hos-¹

316 2669 391 2735 dum.
406 2671 566 2740 Ceterum,
582 2670 718 2730 destinata
740 2670 887 2729 salubriter
899 2667 981 2730 omni

316 2752 423 2812 ratione
433 2750 580 2829 potentior
590 2749 704 2809 fortuna
715 2749 857 2809 discussit:
874 2747 979 2826 quippe

317 2831 362 2892 alii
372 2853 429 2909 prae
441 2849 521 2890 metu
537 2829 689 2905 imperium
700 2829 802 2905 exequi
817 2849 878 2888 non
888 2829 976 2890 aude-

317 2909 395 2981 bant,
412 2911 463 2970 alii
474 2910 575 2970 frustra
585 2913 794 2986 exequebantur
806 2933 814 2970 :
825 2909 909 2987 quia,
928 2908 976 2972 ubi

317 3005 401 3065 lmts
411 2992 654 3061 labiennum
664 2992 838 3149 turbaturid·
908 3061 912 3065 Ι

830 3108 849 3166 ¹1
