2625 4017
455 575 643 645 LIBER
697 579 772 648 tv.
895 601 950 663 ης

316 686 395 748 Cen.
408 683 463 747 lv.
478 684 537 745 Hic
547 704 597 744 rex
607 682 887 766 fatigatus-statuerat
900 705 952 748 so-

276 766 338 828 luta
362 764 509 826 obsidione
527 762 684 844 AEgyptum
704 779 810 843 petere.
834 762 952 844 Quippe

276 868 345 908 curu
357 843 457 905 Asiam
470 844 579 925 ingenti
590 845 733 904 celeritate
748 843 928 922 percurrisset
939 867 951 920 3

277 927 352 985 eirca
368 943 466 984 muros
481 925 562 983 unius
577 924 652 983 urbis
667 924 806 992 herebat,
828 939 872 983 tot
883 945 949 985 ma·

276 1006 420 1063 >rimarum
430 1022 524 1063 rerum
534 1003 745 1080 opportunitate
755 1001 950 1066 dimissa&-

216 1095 221 1100 ’
277 1101 369 1143 terum
381 1122 391 1151 ‚
408 1099 468 1141 tam
482 1081 621 1141 discedere
633 1081 765 1152 irritum,
783 1101 870 1159 quam
882 1101 950 1144 rne-

276 1162 330 1222 rari
342 1162 465 1241 pudebat
483 1184 492 1222 e
508 1160 615 1221 famam
627 1179 762 1239 quoquo,
777 1180 833 1239 qua
842 1159 924 1237 plura
931 1195 949 1233 ·‚

276 1264 363 1319 quam
388 1241 500 1308 armis,
523 1255 690 1308 everterat,
715 1257 790 1300 ratus
808 1240 949 1303 leviorem

267 1322 359 1390 dore,
383 1322 406 1381 si
428 1319 562 1397 Tyrum,
583 1320 663 1396 quasi
680 1335 785 1379 restem
809 1337 845 1379 se
866 1339 949 1397 potae

273 1400 374 1470 vinci,
397 1398 563 1477 reliquisset.
581 1400 671 1480 Igitur
685 1399 799 1476 nequid
813 1398 949 1478 inexper-

273 1498 336 1539 tum
348 1480 515 1551 omitteret;
534 1476 625 1557 plures
637 1498 723 1538 naves
742 1476 883 1539 admoveri
900 1479 948 1558 ju·

273 1562 343 1627 bet,
364 1556 537 1637 delectosque
549 1554 668 1615 militum
684 1556 798 1637 imponi.
818 1557 855 1618 Et
873 1557 947 1620 forte

273 1638 370 1697 bellua
383 1637 521 1698 inusitatae
534 1636 754 1717 magnitudinis,
771 1655 854 1713 super
868 1637 947 1715 ipsos

274 1716 374 1777 fluctus
388 1718 474 1777 dorso
488 1701 639 1782 eminens,
657 1715 692 1774 ad
707 1716 840 1783 molem,
860 1736 947 1792 quam

273 1796 449 1857 Macedones
461 1796 611 1873 jecerant,
625 1795 724 1875 ingens
740 1814 842 1871 corpus
857 1796 948 1873 appli-

272 1876 354 1948 cuit3
372 1874 606 1951 diverberatisque
619 1872 747 1935 fluctibus
759 1874 885 1935 allevans
901 1895 947 1937 se·

272 1972 360 2024 met,
384 1956 526 2033 utrimque
549 1972 699 2030 conspecta
722 1970 764 2013 est
779 1953 905 2015 :deinde
925 1975 946 2017 a

272 2035 365 2112 capite
388 2036 474 2094 molis
494 2054 586 2094 rursus
607 2035 667 2093 alto
688 2054 716 2094 se
732 2034 891 2107 immersit3
910 2055 946 2097 ac

271 2113 363 2173 modo
371 2134 452 2191 super
460 2112 547 2173 undas
555 2114 683 2173 eminens
691 2132 794 2193 magna
804 2114 846 2172 sui
854 2131 944 2189 parte,

270 2193 362 2252 modo
384 2192 530 2271 superfusis
557 2191 685 2251 fluctibus
707 2192 844 2260 condita,
870 2191 945 2253 haud

269 2272 374 2349 procul
384 2272 565 2331 munimentis
573 2271 649 2331 urbis
658 2272 795 2331 emersit..
808 2272 946 2348 Utrisque

270 2354 350 2411 laetus
360 2350 413 2410 fuit
424 2352 523 2411 bellnae
539 2366 684 2427 aspectus:
699 2350 873 2409 Macedones
892 2351 947 2411 iter

266 2428 400 2510 jaciendo
415 2430 488 2507 operi
504 2441 675 2489 ntonnrurte
688 2448 746 2487 eum
763 2431 944 2507 auguraban-

268 2530 338 2581 tur3
355 2509 456 2584 Tyrii,
474 2508 633 2588 Neptunum
647 2506 771 2587 occupari
783 2505 869 2566 maris
880 2505 947 2580 virt·
1022 2531 1024 2536 ⁴

269 2588 361 2647 dicem
374 2585 655 2667 arripuistebelluum
668 2624 678 2654 ‚
700 2605 734 2645 uc
746 2584 851 2656 *molem
868 2584 945 2658 breui

266 2664 390 2747 profecto
411 2668 553 2727 ruiturum.
583 2665 708 2742 Letique
729 2664 827 2724 omine
849 2684 887 2724 eo
908 2664 945 2725 ad

268 2747 368 2823 epulas
379 2747 478 2825 dilapsi
490 2764 645 2806 oneravere
655 2766 684 2805 se
697 2743 786 2815 vin03
808 2763 866 2820 quo
879 2764 946 2824 gra-

266 2847 337 2895 ves,
355 2844 421 2887 orto
434 2827 494 2885 sole
507 2826 620 2906 navigia
633 2823 847 2891 conscendunt,
867 2822 946 2883 redi-

264 2907 336 2966 mita
362 2905 476 2965 coronis
499 2904 668 2980 floribusque
691 2908 709 2966 ε’
721 2904 798 2964 adeo
819 2901 944 2964 victorin

265 3001 326 3045 non
339 3005 427 3046 omen
438 2985 527 3046 modo
539 2999 551 3056 ,'
565 2985 709 3045 sedetiam
721 2982 944 3065 gratulationem

752 3084 822 3147 Piv
