2625 4017
412 553 475 631 ³180
595 569 638 653 Q.
679 572 915 637 CURTII

416 671 640 733 nominetantum
651 691 751 743 notos,
772 689 1034 754 ceterasquegentes
1048 672 1086 735 ad

417 749 572 811 Caucasum
587 769 615 811 et
631 752 749 813 Tanaim
761 753 961 833 pertinentes?
975 751 1082 814 Senes·

415 828 597 908 'cendumfore
606 850 712 891 tantum
722 851 856 892 terrarum
867 832 911 891 uel
919 831 980 892 sine
987 832 1084 913 pralio

416 907 536 971 obeunti.
548 906 586 968 Se
596 931 658 970 nero
671 910 707 969 ad
718 912 805 991 ipsum
816 931 912 971 vocare
925 909 1084 971 desineret.-

413 1006 530 1065 namque
549 986 626 1047 iliius
645 989 733 1049 exitio
752 1010 813 1049 esse
832 1006 983 1051 uenturum.
1007 992 1084 1050 Ale-

414 1067 521 1125 xander
532 1068 565 1126 iis
579 1067 655 1137 illis,
673 1070 719 1146 qui
730 1069 823 1129 literas
837 1070 1006 1136 attulerant,
1025 1090 1083 1129 res·

414 1146 534 1222 pondit;
559 1145 680 1208 Darium
701 1145 756 1207 sibi
781 1145 873 1206 aliena
893 1148 1080 1225 promittere:

413 1223 485 1301 quod
494 1241 577 1285 toturn
588 1225 713 1286 amiserit
721 1267 731 1294 ‚
740 1223 811 1286 uelle
838 1224 930 1286 arciri.
941 1225 1013 1285 Doti
1025 1224 1081 1285 sili

413 1300 475 1361 dari
488 1300 627 1383 Lydiam,
644 1302 773 1373 ioniam,
788 1246 928 1365 AEpolidem
940 1346 950 1373 ,
964 1303 1080 1363 Helles-

409 1380 488 1462 ponti
510 1403 606 1453 oram,
628 1384 752 1444 victorin
771 1405 828 1443 suae
845 1382 967 1462 praemia.
987 1380 1082 1462 Leges

412 1477 502 1519 autern
516 1460 693 1522 avictoribus
703 1460 760 1521 dici
771 1483 784 1535 ;
799 1462 887 1541 accipi
904 1462 1028 1524 ooictis.
1047 1460 1080 1521 ln

410 1557 470 1597 utro
481 1557 556 1599 statu
568 1540 645 1602 ambo
657 1558 770 1610 essent,
785 1542 811 1601 si
828 1540 903 1600 solus
916 1540 925 1598 i
947 1561 1081 1612 norarer,

333 1645 335 1650 ·
409 1619 606 1698 quamprimum
615 1620 710 1680 Marte
722 1619 890 1680 decerneret.
931 1640 944 1677 e
956 1640 1058 1698 quoque
1068 1662 1079 1690 ,

404 1716 471 1756 ¹cum
490 1699 639 1759 transisset
660 1720 756 1769 mare,
777 1720 831 1759 non
851 1697 1006 1767 Ciliciam,
1030 1716 1079 1759 aut

409 1772 528 1855 Lydiam
546 1784 561 1851 <
576 1779 673 1859 quippe
690 1779 760 1837 tanti
776 1777 841 1838 belii
860 1778 989 1857 exiguam
1007 1776 1078 1837 lianc

409 1873 473 1913 esse
482 1856 631 1916 mercedem
641 1860 655 1928 )
665 1856 716 1917 sed
728 1854 899 1934 Persepolim
909 1872 989 1937 caput
998 1856 1079 1935 regni

409 1934 471 2009 ejus
481 1975 492 2002 ,
506 1934 611 1995 Bactra
621 1934 721 1995 deinde
732 1976 742 2005 ,
754 1954 781 1995 et
792 1934 936 1995 Ecbatana
945 1977 955 2004 ‚
971 1934 1078 1994 ultimi-

405 2027 460 2087 ·pue
476 2011 603 2074 Orientis
619 2035 696 2074 oram
711 2014 825 2095 imperio
843 2036 892 2074 suo
907 2013 1077 2075 destinasse.

409 2086 585 2171 Quocumque
594 2091 749 2173 iilefugere
758 2094 910 2173 potuisset,
927 2094 1015 2171 ipsam
1027 2114 1077 2153 se·

406 2170 453 2247 qui
472 2191 555 2250 posse
575 2198 585 2231 .·
605 2170 743 2231 desineret
763 2190 865 2233 terrere
876 2171 1045 2251 fluminibus
1066 2213 1077 2242 ,

407 2266 485 2337 prtem
502 2249 587 2309 sciret
602 2250 689 2310 maria
701 2251 848 2313 transisse.
859 2253 950 2333 Reges
962 2253 1077 2328 quidem

405 2330 532 2389 'invicem
542 2328 601 2391 haec
610 2332 785 2408 scripserant.
795 2330 849 2390 Sed
860 2330 964 2390 Rhodii
974 2334 1076 2393 urbem

405 2423 487 2467 suam
506 2425 657 2487 portusque
670 2410 808 2469 dedebant
824 2411 1001 2471 Alexandro.
1021 2412 1075 2469 lile

406 2483 542 2548 Ciliciam
552 2489 661 2549 Socrati
670 2489 833 2549 tradiderat:
843 2489 955 2549 Philota
966 2488 1074 2568 regioni

406 2561 485 2625 circa
496 2565 595 2637 Tyrum
608 2570 682 2647 jusso
690 2566 852 2647 praesidere.
868 2570 996 2645 Syriam,
1013 2590 1074 2644 quae

406 2640 483 2704 Cale
498 2647 676 2724 appellatur,
699 2646 902 2707 Andromacho
920 2648 1073 2707 Parmenio

377 2752 380 2760 ·
404 2724 574 2794 tradiderat,
597 2728 675 2786 bello
696 2726 772 2803 quod
792 2743 933 2804 supererat
954 2724 1041 2787 interf
1058 2757 1074 2768 ·

403 2818 492 2863 tutus.
521 2804 586 2865 Rex
610 2803 811 2882 Hephaestione
834 2803 977 2865 Phoenicis
999 2825 1074 2863 oram

405 2878 497 2941 classe
511 2882 673 2963 praeteruehi
692 2884 786 2958 iusso,
804 2885 838 2944 ad
855 2888 954 2945 urbem
969 2883 1073 2943 Gazan

404 2978 472 3023 cum
483 2964 614 3027 omnibus
624 2964 714 3044 copiis
727 2964 815 3029 venit.
829 2964 931 3027 iisdem
942 2964 1001 3030 lete
1013 2963 1076 3025 die·
