2625 4017
412 571 467 622 'tro
519 563 547 617 J·
582 562 774 617 FREINSH.
808 559 999 620 SUPPLEM.

416 657 447 706 ab
464 653 607 705 Alexandro
622 649 713 703 velites
733 647 921 714 opportunitate
937 650 990 701 loci
1011 650 1091 713 adiuti

415 725 579 786 repulerant:
595 720 639 768 sed
654 716 760 784 Agriani
775 716 940 777 resistebant,
957 716 1011 784 quis
1027 736 1090 783 pro·
1123 734 1126 740 ⁴

415 789 508 858 pinqua
524 791 572 850 jam
581 786 746 835 Macedonum
755 784 878 849 phalanx,
898 800 925 835 et
939 802 997 836 anre
1011 787 1091 850 prima

414 858 486 925 signa
501 873 542 906 rex
558 868 705 918 conspectus
719 851 844 903 audaciam
859 852 997 906 addiderat.
1012 855 1092 906 Maxi·

410 943 470 976 ¹mus
478 921 554 974 militi
562 922 635 971 labor
642 920 690 972 fuit
698 937 742 985 per
751 921 823 973 ardua
833 920 929 972 conniti
940 939 946 971 :
956 938 1089 988 postquam

414 990 564 1059 sequioribus
572 988 646 1053 paulo
661 987 726 1038 locis
741 987 873 1039 consistere
883 990 967 1040 darunt
982 1005 1035 1049 est,
1054 1008 1091 1042 se·

413 1076 534 1112 mermum
541 1072 714 1108 montanorum
722 1056 883 1121 vulgushaud
890 1073 952 1123 aegre
960 1057 1090 1120 disjecire.

414 1132 450 1179 Ex
462 1127 626 1177 Macedonum
636 1122 738 1175 ducibus
748 1123 871 1173 Cleander
881 1124 1032 1176 desideratus
1042 1144 1090 1187 est,

414 1213 471 1247 cunr
494 1192 586 1260 viginti
605 1196 683 1243 fenne
706 1190 851 1251 militibus3
876 1192 1035 1245 barbarorum
1057 1196 1090 1248 ad

409 1264 563 1331 'quingentos
580 1259 691 1310 cecidere
708 1273 826 1309 sceteros
842 1259 955 1323 expedita
971 1264 1049 1327 fuga,
1063 1277 1089 1315 et

413 1334 529 1382 locorum
539 1327 629 1379 notitia
639 1325 759 1390 protexit.
769 1325 930 1393 Fugientibus
938 1343 1021 1379 tamen
1036 1329 1089 1382 ins·

412 1399 468 1451 titit
482 1413 523 1447 rex
541 1393 702 1446 contentione
717 1408 924 1461 quantaapoterat
943 1411 994 1446 tam
1011 1414 1089 1465 grave

408 1479 502 1533 'agmen
514 1482 521 1514 τ
531 1466 666 1526 eodemque
680 1462 775 1525 impetu
785 1462 842 1511 urbs
857 1479 941 1512 eorum
953 1479 1025 1529 capta
1038 1481 1090 1524 est.

413 1535 463 1584 Per
479 1547 561 1582 cetera
579 1530 668 1581 deinde
683 1528 780 1579 Pisidiae
794 1529 888 1580 munita
903 1531 960 1581 loca
977 1533 1089 1583 circum·

409 1600 473 1652 tulit
483 1600 575 1649 bellum
587 1620 594 1647 :
606 1613 710 1663 quorum
723 1598 842 1647 nonnulla
855 1601 988 1664 pugnando
1000 1602 1089 1665 cepit5

413 1668 462 1719 alia
472 1665 657 1718 conditionibus
667 1664 692 1714 in
708 1663 780 1715 fidem
790 1681 919 1719 venerunt.
937 1668 1087 1725 Telmissurn

412 1750 590 1802 expugnatam,
607 1735 641 1783 ob
648 1725 810 1797 pertinaciam
820 1732 912 1784 civium
922 1772 929 1794 ,
940 1737 997 1785 solo
1008 1752 1089 1803 aequa·
1106 1735 1109 1739 ’

411 1803 469 1862 vit3
490 1804 585 1866 populo
603 1800 869 1861 libertatem-ademit3
894 1816 920 1851 et
935 1805 1010 1867 paulo
1026 1820 1088 1869 post

411 1887 467 1920 cum
483 1869 539 1919 aliis
554 1867 697 1936 quibusdam
712 1866 984 1928 viridissimorum,
1005 1875 1088 1923 Celae·

410 1952 496 1988 narum
517 1939 665 2001 profecturas
688 1934 835 1987 contribuit.
857 1936 952 1987 Pacatis
973 1939 1037 1989 hunc
1058 1941 1086 1994 in

410 2005 513 2054 modum
527 2001 666 2067 asperrimis
675 2001 833 2062 nationibus,
850 2002 877 2052 in
884 2005 1017 2072 Phrygiam
1026 2025 1087 2072 pro-

411 2071 502 2130 cessit,
523 2088 570 2137 qua
588 2069 705 2121 Assanius
719 2071 787 2119 lacus
802 2086 854 2128 est,
876 2072 944 2131 cujus
960 2090 1022 2139 aqua
1040 2094 1084 2127 sua

409 2155 500 2205 sponte
517 2155 692 2195 concressens,
709 2135 854 2188 necessitate
874 2138 932 2189 salis
950 2157 963 2191 e
978 2143 1086 2209 longin-

409 2224 460 2271 quo
475 2204 576 2271 petendi
591 2205 670 2257 solvit
689 2206 795 2256 accolas.
811 2207 878 2256 Dum
895 2224 923 2257 ea
936 2224 1058 2274 geruntur
1074 2247 1083 2272 ,

410 2276 530 2325 Memnon
545 2291 640 2324 suarum
656 2271 762 2338 partium
778 2273 889 2338 reliquiis
904 2276 1011 2342 undique
1028 2280 1085 2329 col.

409 2342 484 2394 lectis
498 2379 506 2402 ,
526 2358 554 2392 ut
567 2341 722 2391 inhaerentem
736 2338 801 2391 Asia
815 2342 983 2395 Alexandrum
997 2361 1085 2397 extor-

404 2424 510 2476 queret,
532 2411 563 2459 ad
579 2411 672 2460 bellum
688 2405 787 2458 Gracia
804 2410 1003 2477 Macedoniaque
1016 2412 1084 2465 infe·

409 2479 512 2529 rendum
534 2477 701 2545 cogitationes
721 2476 856 2527 convertit.
875 2477 974 2543 Quippe
990 2481 1083 2534 Darius

401 2544 436 2595 ·in
445 2546 493 2596 hoc
502 2559 550 2597 uno
563 2562 631 2609 spem
642 2558 776 2610 reponens,
792 2543 832 2608 qui
842 2543 948 2596 victoria
960 2547 1082 2612 impetum

408 2630 451 2664 sua
467 2611 559 2665 virtute
574 2627 662 2679 suaque
678 2610 809 2677 prudentia
825 2611 962 2663 diutissime
984 2616 1014 2666 ad
1029 2620 1082 2669 Ha.

406 2680 566 2732 licatnassum
582 2694 692 2731 moratus
709 2693 793 2738 esset,
811 2696 909 2729 summae
923 2697 1003 2733 rerum
1017 2699 1082 2749 pre.

407 2751 502 2799 fecerat
516 2764 590 2805 turn,
606 2762 765 2814 magnamque
778 2745 886 2809 pecunias
901 2747 952 2799 vim
965 2750 1082 2803 transmi.

400 2820 483 2866 'seran
500 2818 585 2879 ltaque
598 2812 803 2866 mercenariorum
818 2815 890 2865 manu
905 2832 994 2879 quanta
1007 2835 1083 2884 pote-

407 2898 449 2934 rat
470 2883 610 2943 conducta,
629 2898 684 2932 cum
702 2895 865 2933 trecentarum
882 2883 981 2935 navium
1002 2888 1081 2940 classe

387 2949 490 3009 ··libero
503 2949 565 3003 mari
580 2950 731 3021 vagabatur
747 2963 773 3002 et
789 2966 840 3019 qua
859 2950 934 3006 tantis
948 2954 1081 3014 conatibus
