2625 4017
395 568 428 613 sz
496 552 524 607 J.
546 536 750 607 ‘tntrmsrn
785 553 977 604 sunntsu.

396 645 528 695 decederet
543 660 550 694 ι
567 640 730 693 Macedonicos
747 641 862 691 factionis
880 642 991 693 homines
1008 643 1072 694 urbe

394 712 519 776 pellerent
530 726 573 761 :et
584 707 772 761 Atheniensium
784 708 866 772 copias
877 710 907 759 eh
918 709 1070 773 reciperent.

395 780 434 829 At
449 778 578 842 Philippus
594 776 722 840 inopinata
738 776 907 826 Thebanorum
925 777 1069 827 defectione

393 846 507 895 turbatus
515 844 594 910 magis
610 861 681 909 quam
696 843 817 902 territus,
833 843 945 895 insistere
956 843 1068 895 destina-

393 912 427 962 tis
437 930 486 962 non
497 912 591 962 omisit.
599 912 703 962 Duobus
712 910 908 972 levibusproeliis
919 910 1069 971 commissis,

393 996 448 1029 cum
458 978 623 1030 Athenienses
636 994 762 1028 successus
778 994 829 1027 non
844 978 990 1042 poeniterer:
1010 994 1067 1029 tan·

393 1049 451 1097 dem
476 1046 573 1112 utrique
591 1047 623 1095 ad
642 1046 798 1095 Cheroueam
821 1045 921 1096 Bceociae
947 1045 1070 1124 oppidum

392 1113 557 1169 totisviribus
569 1114 712 1163 consedere
720 1114 965 1163 Grecosdeeora
929 1131 966 1163 ιιιι
968 1115 1068 1175 iorum,

392 1180 543 1258 etcuralibe
547 1180 616 1232 rtatis
625 1181 808 1230 accendebant.
819 1180 947 1244 Philippus
958 1179 1069 1247 egregiis

391 1248 490 1313 copiis,
509 1246 873 1323 torquebcllorumsrctorrbus
884 1248 984 1298 fidebat
1002 1253 1031 1301 ln
1041 1265 1068 1298 se

393 1335 492 1382 quoque
512 1333 663 1381 ncnpnrum
680 1314 800 1364 momenti
819 1316 978 1374 collocabat,
999 1317 1068 1380 quod

392 1384 561 1447 imperatoriis
571 1382 680 1432 artibus'
673 1399 724 1445 ipse
736 1383 904 1446 praeccllerer3
921 1384 1066 1434 Graecorum

391 1450 580 1501 celebratissimi
596 1451 689 1499 duces
683 1468 730 1511 torn
746 1452 907 1500 decesserant.
925 1453 1070 1515 Thcsgenes

392 1518 515 1567 Thebanis
531 1533 653 1582 preerat,
675 1516 776 1566 modico
795 1516 887 1566 militis
905 1535 964 1576 usu,
986 1535 1066 1584 neque

347 1583 349 1588 ’
391 1603 418 1634 s
420 1601 452 1635 trs
469 1584 551 1634 firmus
569 1586 684 1634 adversus
702 1584 857 1649 pecuniam:
875 1585 1065 1636 Atheniensium

330 1662 333 1666 “
391 1669 491 1718 quoque
516 1653 693 1717 imperatorum
721 1651 839 1701 virtutem
858 1668 928 1716 atque
950 1651 1066 1716 peritiam

392 1720 446 1785 inse
469 1722 550 1771 animo
571 1738 663 1785 usuque
681 1736 761 1770 rerum
778 1720 854 1795 longe
873 1718 991 1771 anteibit.
1018 1722 1069 1771 Sed

389 1791 497 1863 duorum
505 1789 647 1854 potentium
661 1788 810 1852 populorum
824 1803 850 1835 m
860 1803 933 1837 ιιιιιιιιι
944 1804 1070 1839 converse

392 1855 477 1915 vires,
496 1875 598 1921 quorum
621 1854 793 1906 auctoritatem
816 1853 941 1904 Corinthii
967 1874 1066 1933 quoque

391 1922 483 1988 aliique
501 1926 678 1988 sequebantur3
697 1921 830 1983 injecerant
845 1938 947 1982 curam,
962 1925 1064 1976 minima

392 1991 463 2039 unius
480 1991 626 2055 dieiparte,
647 1990 766 2053 decapite
782 1991 933 2054 fortunisque
951 1992 1066 2044 omnibus

390 2058 550 2109 dimicaturo.
566 2062 605 2108 Ne
619 2060 790 2112 Thebanorum
805 2058 902 2122 quidem
917 2058 1068 2123 principesve

389 2128 458 2190 pacis
481 2126 592 2176 consiliis
613 2127 793 2184 abhorrebant·
812 2126 855 2174 sed
873 2126 1067 2179 Atheniensium

388 2194 465 2242 ardor
486 2193 581 2250 evicit,
602 2210 629 2243 ut
650 2210 735 2243 omnes
759 2192 857 2243 Graeciae
878 2210 932 2256 spes
955 2213 1064 2259 opesque

392 2260 461 2310 unius
478 2260 560 2325 proelii
576 2266 677 2310 fortunae
694 2259 903 2324 permitterentur.
921 2262 970 2310 Ale
962 2266 1066 2313 >rander

389 2328 425 2377 eti
428 2346 465 2377 am
485 2327 631 2378 immodicus
647 2326 721 2377 animi
742 2329 876 2377 testabatur
893 2344 1009 2391 putrem,
1032 2347 1064 2381 ne

389 2411 484 2461 tantam
501 2396 586 2461 glorie
602 2394 757 2446 occasionem
771 2394 903 2445 emanibus
919 2397 1015 2446 elabi
997 2414 1064 2449 sme-

387 2479 429 2513 tet
445 2483 451 2513 :
468 2480 545 2528 eoque
558 2466 656 2513 tundem
675 2462 798 2527 impulso,
816 2461 908 2527 primus
922 2461 948 2511 in
965 2466 1063 2521 hostem

389 2529 509 2609 impetum
520 2532 589 2583 fecit.
602 2534 738 2595 Pupnuturn
749 2546 785 2579 est
796 2530 884 2580 acriter
896 2531 1008 2592 ambietur
1018 2533 1063 2584 diu

388 2598 512 2658 victoria;
532 2602 610 2650 donec
625 2601 788 2656 adolescens,
804 2615 874 2663 quem
887 2616 941 2648 cum
956 2599 1063 2650 delectis

389 2665 461 2715 elteri
479 2684 603 2718 cornuum
614 2670 753 2730 prefecerat
770 2681 856 2743 pater,
877 2684 969 2716 summu
986 2669 1062 2718 animi

389 2731 527 2797 viriumque
538 2735 697 2785 contentione
709 2727 841 2791 connixus,
854 2750 921 2782 sacta
931 2736 1065 2784 Thebano-

387 2816 442 2849 rum
459 2801 583 2860 cohorte,
601 2819 651 2866 qnae
670 2818 699 2852 ex
715 2800 816 2864 optimis
833 2803 978 2860 constabat,
999 2805 1060 2854 loco

388 2883 475 2926 mota,
490 2868 602 2919 victoris
615 2869 680 2919 vism
692 2867 796 2932 operuit.
812 2871 875 2917 Nam
885 2884 911 2919 et
919 2870 1063 2919 Athenien

370 2948 372 2951 ⁴
388 2951 427 2984 ses
441 2934 566 2987 sociorum
582 2936 719 2987 calamitate
734 2934 823 2994 fracti,
842 2952 948 3001 aestuque
965 2954 990 2986 et
1006 2939 1064 2987 vul

384 3000 486 3058 sexibus
503 3003 619 3073 fatigati,
633 3020 686 3056 non
700 3004 805 3069 amplius
822 3002 958 3056 sustinuere
975 3007 1064 3060 hisces
