2625 4017
437 593 631 660 LIBER
677 596 721 663 Xa
856 607 918 676 ‘549

238 701 314 761 hunt
323 691 410 775 coepit
421 738 431 766 ,
444 717 480 757 aa
492 695 648 761 Perdiccan
658 694 846 777 comprehendi
856 698 919 788 ipse

238 775 389 859 jussisset.
401 777 453 838 Ille
461 775 601 857 Meleagri
613 778 748 839 instinctu
757 798 788 837 se
795 778 919 856 jussisse

243 856 403 934 respondit.
424 854 551 916 Ceterum
569 879 624 917 non
644 856 743 917 debere
760 854 923 916 tumultuari·

245 954 324 1006 eos,·
347 932 502 996 Perdiccan
520 934 592 996 enirn
611 936 714 998 virere.
735 937 825 1016 Igitur
844 956 919 995 con·

242 1014 333 1075 tione
350 1016 462 1075 dimissa
483 1015 628 1097 Meleager
645 1017 772 1092 equiturn
791 1015 926 1079 maxime,

243 1093 407 1155 defectione
429 1096 614 1170 perterritus,
641 1096 778 1171 inopsque
805 1090 922 1154 consilii

245 1176 263 1247 <
284 1173 387 1250 quippe
407 1174 436 1232 in
456 1174 547 1250 ipsum
570 1173 729 1250 periculum
752 1173 921 1240 reciderat,

245 1252 327 1329 quod
338 1252 457 1311 inimico
470 1254 557 1330 paulo
576 1270 640 1312 ante
658 1252 845 1322 intenderat>
864 1250 922 1312 tri·v

245 1332 337 1391 duum
354 1331 411 1391 fere
422 1332 577 1391 consumsit
592 1332 699 1391 incerta
713 1332 831 1391 consilia
847 1330 924 1394 vol-.

244 1410 356 1473 vendo.
379 1409 415 1470 Et
434 1410 549 1486 pristina
572 1409 686 1487 quidem
708 1410 791 1489 regiae
812 1409 922 1487 species

245 1492 407 1562 manebat3
427 1510 495 1550 narn
517 1507 546 1550 et
566 1491 651 1569 legati
670 1493 798 1568 gentium
819 1509 918 1569 tegern

246 1569 365 1630 adibant
382 1591 391 1629 c
412 1587 440 1628 et
459 1570 607 1646 copiarum
627 1568 710 1628 duces
732 1568 846 1628 aderant
862 1591 871 1628 r
890 1583 934 1647 ot¹

246 1648 421 1710 vestibulum
432 1649 565 1708 satellites
578 1648 734 1723 armatique
751 1648 922 1724 compleve-

246 1728 325 1789 rant.
338 1726 391 1787 Sed
410 1727 508 1806 ingens
526 1748 573 1788 sua
595 1743 695 1804 sponte
707 1728 837 1787 moestitia
850 1724 923 1790 ulti·.

245 1828 304 1867 mae
321 1807 521 1882 desperationis
541 1806 723 1865 inlexerat:
743 1804 924 1884 suspectique.

246 1885 377 1946 invicem
389 1905 447 1944 non
465 1884 540 1945 adire
557 1885 696 1963 propius,
712 1905 771 1944 non
791 1881 921 1961 colloqui

246 1965 414 2034 audebant,
438 1983 555 2026 secretas
579 1965 768 2044 cogitationes
794 1965 866 2024 intra
890 1979 922 2022 se

246 2064 364 2122 quoque
377 2044 544 2112 volventes,
560 2063 636 2104 etex
648 2044 864 2119 comparatione
877 2061 922 2101 re-

273 2124 294 2183 's
317 2123 408 2192 novi,
430 2122 597 2183 desiderium
620 2123 795 2182 excitabatur
814 2118 922 2183 amissi·

282 2200 309 2262 bi
323 2199 371 2262 ille
383 2218 478 2271 erret,
494 2202 572 2279 cuius
584 2198 751 2278 inperium,
769 2202 846 2277 cujas
856 2216 925 2263 aasz

241 2279 352 2364 picium
363 2279 451 2340 secuti
463 2298 541 2340 erant
552 2321 563 2349 ,
581 2279 771 2355 requirebant.
785 2276 922 2339 Destitu-

247 2376 296 2421 ros
308 2379 339 2421 se
355 2358 429 2419 inter
445 2357 564 2433 infestas
583 2357 783 2435 indomitasque
796 2373 895 2437 gentes
908 2395 923 2425 ,

248 2437 421 2517 expetituras
447 2454 487 2498 tor
511 2436 631 2497 cladium
661 2457 770 2497 suarum
796 2454 925 2516 panas,

247 2514 471 2597 quandocumque
486 2515 575 2576 oblata
586 2533 659 2575 esset
672 2515 794 2578 occasio.
803 2515 856 2575 His
868 2534 930 2596 cos

247 2596 436 2678 gitationibus
454 2597 564 2656 animos
581 2594 757 2663 eredebant,
782 2616 848 2655 curn
865 2613 922 2653 aa·

247 2676 418 2744 nuntiatur,
440 2674 565 2751 equites,
585 2674 629 2751 qui
650 2672 700 2732 sub
717 2671 855 2733 Perdicca
874 2671 931 2731 es·'

247 2771 336 2823 senc,
359 2752 497 2832 occupatis
517 2753 591 2813 circa
609 2750 775 2833 Babylonem
792 2751 897 2831 campis
909 2749 929 2820 ,'

242 2831 444 2913 frumentun,
466 2831 535 2908 quod
557 2831 587 2891 in
606 2830 698 2891 urbem
717 2828 923 2897 invehebatur,

249 2910 416 2974 retinuisse.
433 2912 531 2988 ltaque
545 2911 641 2987 inopia
657 2911 803 2986 primurn,
821 2906 926 2968 deinde

247 2990 342 3061 {amer
353 3009 412 3055 esse
422 2992 509 3071 coepit
519 3011 532 3067 ·,
543 3008 571 3056 et
582 2990 671 3071 quiin
681 2990 749 3053 urbe
760 3004 859 3059 enne,
874 2999 926 3050 aaa
