2625 4017
497 554 541 635 {it
560 559 726 629 ΓΒΗ·
754 566 768 629 1
789 554 832 634 Χ
946 570 1011 644 'ere

333 675 469 735 caverat,
495 666 654 728 sedetiam
681 668 788 728 famam
805 672 828 743 ,(
851 665 912 730 sive
936 663 1011 734 illud

332 746 493 825 triumphus
512 745 565 808 fuit
585 749 621 808 ab
638 765 678 806 eo
697 748 822 824 primunr
837 747 1008 820 institutus,

333 828 395 890 sive
416 824 615 887 bacchantium
634 827 740 904 lusus)
757 827 851 888 statuit
870 826 1006 898 imitari,

332 906 435 970 animo
458 926 541 982 super
565 903 723 966 humanum
747 906 810 966 fasti
833 906 892 967 'um
913 907 1006 970 elato.

291 1052 294 1058 ,
331 981 504 1064 Wcos,„per
515 1005 582 1061 quos
593 983 738 1053 inererat,
746 926 868 1065 stutgras
880 984 1007 1054 coronisq-

329 1081 383 1141 que
395 1062 482 1122 sterni
496 1064 591 1139 jubet:
604 1060 864 1140 liminibpsredium
880 1075 1005 1134 crateras

330 1139 397 1203 vino
411 1140 548 1213 repletos,
567 1158 595 1201 er
605 1140 663 1201 ulia
676 1140 788 1203 eximie
800 1139 1006 1223 magnitudinis

329 1239 401 1282 vasa
419 1219 528 1300 disponi
545 1247 555 1280 .·
570 1218 697 1281 vehicula
716 1218 817 1282 deinde
836 1238 1004 1294 constrata,

329 1315 362 1358 ur
376 1297 468 1379 piures
480 1319 576 1379 capere
590 1297 695 1360 milites
702 1318 837 1379 possent,
858 1300 889 1360 in
908 1300 1002 1361 taber·

327 1377 487 1438 traculorum
509 1377 616 1438 modum
640 1378 760 1450 ornari,
786 1378 844 1440 alia
869 1377 1002 1440 candidis

329 1454 421 1527 velis,
433 1455 490 1517 alia
500 1475 578 1519 veste
584 1455 717 1538 pretiosa.
727 1458 815 1519 Primi
825 1460 904 1520 ibant
913 1458 1002 1521 amici

328 1554 360 1596 et
378 1536 482 1597 cohors
504 1536 605 1619 regia,
629 1537 714 1596 variis
734 1538 863 1608 redimita
883 1536 1001 1598 floribus

326 1616 498 1693 coronisque
511 1627 526 1690 3·
545 1615 613 1676 alibi
624 1614 775 1676 tibicinum
785 1635 906 1686 cantus,
929 1616 1000 1676 alibi

325 1694 395 1771 lyrae
412 1695 678 1758 sonuslsudiebatur
696 1717 706 1756 s
724 1693 795 1758 iabin
811 1697 842 1758 in
861 1694 1001 1758 vehiculis

326 1771 1000 1856 procopiaeuinqueadornatisssbmessabun·

325 1852 378 1913 dus
393 1853 557 1928 exercitiis,
577 1849 670 1925 musis
683 1873 745 1932 quas
754 1855 881 1916 manime
893 1855 999 1915 decora

326 1950 408 1993 erant
418 1932 723 2010 circumpendentibus.
739 1935 833 2011 ipsum
846 1932 999 1994 convivas·

346 2032 383 2072 ue
399 2034 496 2073 currus
513 2011 787 2082 vehebanerateris
805 2012 996 2091 aureis-ejus·-

324 2033 448 2169 3emque
471 2092 594 2151 materiae
612 2092 771 2172 ingentibus
791 2093 900 2169 poculis
921 2113 996 2168 prae·

377 2172 429 2233 vis.
441 2170 510 2231 Hoc
521 2170 610 2230 modo
621 2191 672 2247 per
683 2171 740 2230 dies
751 2190 859 2248 septem
870 2169 995 2231 baccha-

323 2190 572 2329 ffldumagmen
587 2249 721 2322 incessit;
738 2267 817 2326 parta
834 2248 947 2325 praeda,
969 2245 995 2309 si

322 2328 392 2406 quid
415 2329 497 2390 victis
522 2328 623 2388 saltem
650 2328 782 2389 adversus
805 2344 995 2390 comessantes

323 2407 414 2469 animi
425 2407 537 2469 fuisset:
552 2407 632 2467 mille
644 2406 779 2475 hercule,
795 2406 849 2467 viri
860 2406 949 2466 modo
964 2423 995 2468 et

320 2486 434 2555 sobrii,
455 2504 563 2563 septem
584 2486 693 2547 dierum
713 2487 826 2562 crapula
845 2506 944 2565 graves
961 2487 994 2546 in

322 2586 377 2627 suo
395 2564 539 2642 triumpho
561 2585 661 2641 capere
679 2582 840 2641 potuerunt.
854 2564 909 2625 Sed
928 2565 993 2625 fot·

321 2660 412 2716 tuna,
430 2665 491 2721 quse
505 2646 586 2705 rebus
597 2645 705 2703 famam
718 2645 894 2721 pretiumque
907 2665 994 2706 cons·

321 2723 422 2793 tinuit,
443 2721 490 2785 hic
504 2743 617 2802 quoque
634 2723 742 2784 militiae
756 2725 892 2798 probrum
909 2723 994 2784 vertit

319 2802 351 2864 in
365 2802 500 2883 gloriam.
516 2802 553 2862 Et
567 2824 684 2880 praesens
698 2822 783 2871 atas,
805 2820 833 2860 et
844 2802 994 2877 posteritas

315 2882 420 2942 deinde
433 2881 534 2942 mirata
544 2900 606 2971 est,
616 2902 666 2962 per
677 2899 776 2961 gentes
789 2877 907 2939 nondum
919 2878 993 2940 sutis

316 2959 438 3026 domitas
459 2958 613 3026 incessisse
635 2957 820 3028 temulentos,
844 2956 994 3032 barbaris.

777 3059 809 3125 V
827 3058 895 3125 uir

936 3425 1131 3558 r«
