2625 4017
385 557 735 613 102³..rnr11usrr
770 527 961 613 sununr'na

379 648 511 715 grinoruru
524 645 651 704 militum,
668 659 693 696 et
705 642 828 710 equitibus
842 644 955 696 ducentis
967 644 998 697 ad
1013 648 1066 697 Cr-

381 716 443 767 riatn
451 714 566 765 tuendam
576 708 738 779 relinquebat.
748 717 770 763 ls
779 727 830 762 non
838 713 917 778 longo
927 730 986 777 post
995 729 1063 764 tem-

380 799 463 865 pore3
478 780 559 846 copiis
574 797 630 832 cunr
645 781 762 831 Asandro
769 779 858 858 Lydiae
874 797 981 845 pretore
999 798 1064 831 con-.

375 849 473 917 junctis
487 849 671 899 Orontobatetn
687 846 830 902 acievicit:
841 862 866 899 et
881 848 1062 900 Macedonibus
1101 861 1103 865 ’

379 918 419 969 ira
436 916 557 982 taedioque
574 915 736 966 diuturnioris
753 931 852 975 morae,
876 916 1062 983 oppugnationi

380 984 475 1038 aeriter
491 984 704 1042 incumbentibus,
725 1000 792 1033 arces
808 982 834 1032 in
848 999 998 1061 potestatem
1021 1002 1063 1037 re-

381 1054 533 1105 ductisunt.
552 1052 589 1103 At
597 1068 639 1102 rex
649 1050 779 1118 Phrygiam
790 1051 993 1128 continentesque
1002 1070 1065 1117 pro·

380 1119 477 1174 vincias
495 1118 578 1171 animo
601 1120 767 1196 complexus,
789 1117 978 1171 Parmenionem
1003 1138 1060 1173 cum

381 1187 517 1239 amicorum
533 1185 620 1238 turmis
636 1201 663 1236 et
678 1184 811 1237 auxiliariis
821 1186 962 1251 equitibus,
981 1187 1034 1238 The
1022 1206 1063 1240 s-

381 1254 489 1320 ralisque
513 1252 600 1331 quibus
618 1253 759 1304 Alexander
776 1255 907 1319 Lyncestes
931 1271 1035 1336 preerat
1052 1293 1062 1317 ,

382 1324 470 1376 Sardes
488 1320 588 1379 mittit3
607 1337 636 1372 ut
656 1324 739 1374 inde'
732 1340 757 1373 ιιι
775 1323 938 1390 Phrygiom'
930 1340 1061 1383 irrueret,

383 1408 530 1457 uenturaque
550 1390 665 1441 exercitui
685 1403 842 1440 commeatum
858 1406 881 1441 er
898 1390 1015 1467 pabulum
1032 1409 1062 1442 eu

384 1454 674 1525 bosttcopororetDtta
683 1456 770 1506 adhoc
780 1455 902 1519 plaustra,
918 1472 969 1522 que
984 1456 1064 1510 simul

386 1525 636 1579 documentum
663 1522 751 1574 deinde
776 1525 868 1574 multos
894 1525 1061 1579 Macedonum

382 1594 459 1658 paulo
477 1607 532 1641 ante
550 1608 602 1641 eam
620 1590 802 1655 expeditionem
822 1590 903 1642 ductis
923 1592 1060 1670 uxoribus,

383 1659 533 1711 desiderium
545 1663 627 1709 ea'rurn
637 1657 794 1723 impatienter
802 1662 867 1710 ferre
877 1660 1063 1726 cognovisset·
1054 1694 1064 1723 ,

382 1728 543 1780 Ptolemaeum
553 1725 648 1777 Seleuci
662 1727 740 1777 lilium
755 1728 870 1791 corporis
883 1729 1047 1779 custodem''
1029 1746 1063 1780 ιιι

382 1794 506 1859 preficit,
521 1795 658 1861 domumque
674 1796 807 1847 deducere
800 1794 889 1857 jussit,
905 1814 960 1847 cum
972 1800 1062 1849 uxori·

382 1863 429 1914 bras
437 1863 619 1930 hybernaturot.
636 1862 694 1912 Duo
705 1877 800 1926 quoque
815 1878 845 1912 ex
854 1864 957 1914 ducibus
967 1867 1061 1915 Coenos

383 1944 457 1993 atque
472 1929 597 2006 Meleager
611 1929 646 1980 ob
655 1931 765 1979 eamdem
780 1946 875 1980 causam
890 1932 935 1981 und
952 1931 1060 1995 profecti

379 2011 447 2047 sunt.
458 1997 488 2047 1d
500 1994 552 2061 regi
563 2012 654 2061 magna
665 1998 728 2061 apud
738 1996 830 2048 milites
846 1998 1060 2051 commendationi

381 2063 447 2122 fuit,
466 2062 663 2129 promtioresque
680 2064 769 2144 deinde
787 2081 829 2115 eos
848 2068 877 2115 ad
895 2067 1060 2132 longinquam

380 2130 497 2181 militiam
507 2130 634 2190 reddidit,
652 2150 707 2183 cum
719 2132 755 2183 sui
771 2133 892 2184 tationem
901 2134 1048 2184 habitam'
1022 2152 1062 2186 vt-

298 2213 303 2222 ·
381 2200 487 2257 dorent,
504 2214 676 2264 sperarentque
686 2199 801 2263 deinceps
817 2202 891 2252 etiam
907 2202 936 2250 ad
948 2219 1006 2251 suos
1022 2202 1062 2253 vi·

380 2267 472 2316 sendos
488 2266 591 2316 subinde
613 2284 777 2318 commeatum
796 2267 971 2334 impetraturos
994 2286 1061 2324 esse·

382 2324 537 2385 Ducibus*
504 2349 639 2396 injunctum
655 2350 708 2394 est,
724 2337 874 2396 mmmmm,
893 2339 985 2388 dumio
1000 2340 1061 2388 Mu·

379 2402 481 2453 rodonia
498 2418 676 2464 morarentur,
699 2419 794 2455 strenue
809 2406 913 2456 delectus
930 2422 1059 2457 overent.-

381 2486 527 2537 quantasque
541 2471 660 2521 maximas
671 2485 807 2538 porsenrq
783 2488 807 2533 eq
809 2474 888 2522 uirum
906 2442 1061 2537 peditumque

380 2538 481 2605 copias,
499 2555 552 2589 cum
570 2539 601 2589 iis
623 2539 663 2603 qui
685 2554 736 2589 tum
760 2538 877 2597 abibant,
894 2539 965 2590 sub
957 2540 1059 2589 mitium

382 2606 449 2657 oreris
463 2607 615 2657 adducerent
629 2604 812 2655 Animadverso
828 2621 907 2655 autem
922 2604 1060 2656 exereitum

382 2670 503 2723 Asiaticis
519 2672 629 2723 moribus
642 2672 725 2731 inlici,
746 2687 906 2738 magnamque
921 2673 1001 2750 vulgo
1015 2688 1062 2737 pet

382 2754 463 2789 eastra
479 2738 660 2804 impudicorum
676 2739 859 2819 multitudinem
875 2739 991 2799 haberi,
999 2756 1061 2805 pro·

383 2805 473 2857 brosor
483 2822 568 2858 ornnes
577 2806 689 2893 conquiri
698 2805 785 2871 jussit,
796 2824 822 2860 et
831 2809 856 2859 in
864 2825 964 2873 parvam
974 2825 1063 2872 quant·

383 2874 440 2924 dam
454 2874 610 2924 Ceramiei'
590 2875 657 2927 sinino
673 2874 775 2927 insulam
790 2876 900 2942 seposuit
915 2895 922 2927 ι
940 2875 1060 2941 haesitque

382 2938 484 2992 infamia
495 2941 575 3001 loeo,
590 2958 616 2996 et
629 2944 698 2997 ob
676 2960 727 3011 ιιιιι
739 2943 775 2998 rei
784 2943 930 3000 memoriam
943 2943 1070 3002 Cinaedo·;

383 3006 451 3076 polis
461 2979 609 3076 appellatitr.
