2625 4017
415 556 891 622 mQ.cu1t11uML.11.
962 571 998 622 σς·

325 646 417 698 tatibus
430 649 540 704 addicti,
557 651 659 715 injurias
668 652 702 701 ol
702 668 726 699 m
734 666 756 701 et
766 667 870 718 nuper
847 652 934 702 Graeco
949 668 994 703 no·

324 717 383 765 mini
401 716 487 765 illotos
504 717 701 783 negligeremusp
719 719 758 767 sed
778 734 921 776 uteorum,
940 735 992 785 quae

320 800 361 849 per
373 797 499 833 summam
512 784 646 849 superbiam
660 784 762 851 improbe
776 801 798 835 et
809 788 972 851 petulanter'
963 802 996 836 tn·

323 867 362 899 nos
378 850 567 907 commiserunt,
580 868 663 917 peenas
673 852 809 917 penderent
830 853 895 915 Quid
908 854 995 904 dicam

322 916 545 967 de”11eGraecorum
557 918 711 974 nationibus,
727 922 839 982 quaslate
848 936 891 986 per
902 920 989 970 Asiam

320 984 441 1046 diffusas
431 985 598 1050 impotentium
608 984 765 1035 barbarorum
776 987 926 1037 intoleranda
939 1003 989 1038 ser-

320 1052 386 1099 uitus
400 1052 513 1117 premit.
508 1051 520 1087 θ
536 1053 652 1117 Equidem
670 1051 758 1118 quibus
770 1068 844 1119 nuper
854 1054 987 1119 precibus,

318 1116 452 1195 quibusque
460 1120 611 1198 argumentis
621 1136 807 1169 eausameorum
815 1119 902 1173 Delius
910 1123 992 1187 Ephe

318 1186 368 1233 sins
383 1184 481 1251 egerit,
499 1201 554 1235 cum
564 1188 608 1251 ipsi
620 1188 791 1266 memineritis,
811 1202 857 1236 non
863 1203 987 1263 repetam·

318 1251 344 1300 ld
352 1268 410 1302 sane
418 1267 533 1309 constat,
543 1268 581 1304 eos
590 1270 687 1310 omnes,
698 1269 725 1303 ut
732 1255 882 1321 primum
848 1254 918 1303 siena
930 1270 989 1304 nos-

318 1320 547 1385 traconspexerint,
556 1322 668 1386 protinus
676 1320 706 1368 ad
715 1338 757 1370 nos
765 1336 811 1372 esse
821 1322 994 1377 transituros,¹

317 1399 337 1436 ee
347 1404 396 1453 pro
411 1387 584 1437 liberatoribus
597 1387 798 1453 assertoribusque
809 1388 860 1437 suis
872 1389 994 1438 affluersue

314 1470 403 1520 graves
429 1455 566 1520 iniquosque
588 1457 697 1505 domnos
717 1456 835 1519 quodlibet
851 1456 992 1521 periculum

316 1537 417 1588 impigre
424 1538 493 1574 susce
509 1537 586 1571 turos.
595 1522 736 1587 Quanquam
744 1523 799 1588 qued
807 1538 885 1573 nostre
889 1539 993 1587 pariter

315 1589 465 1654 hostiumque
472 1540 550 1639 odbiti
554 1590 677 1639 auxilia
654 1590 858 1667 circumspicimus
868 1592 990 1641 adversus

313 1671 411 1723 gentes,
428 1657 567 1721 qnasetiam
577 1658 650 1722 paulo
662 1657 842 1711 dentiusvicisse
856 1672 871 1704 a
876 1657 990 1722 pudore,
1061 1713 1064 1718 ,

315 1740 385 1788 quam
398 1724 498 1789 gloria·
504 1724 603 1791 propius
618 1722 753 1786 abfuerit?
768 1724 873 1773 Parrum
890 1740 940 1772 aevo
958 1725 991 1774 in.

315 1790 401 1839 Asiam
411 1790 531 1857 profectis
545 1790 773 1840 lacedemoniorum
783 1793 867 1855 paucis
878 1790 989 1856 ingentes

315 1858 420 1908 bostium
433 1874 553 1908 exercitus
555 1857 657 1920 frustra
665 1858 823 1907 restiterunt:
834 1857 983 1923 Phrygiam,

317 1926 436 1991 L'ydiant,
454 1926 661 1991 Paphlagoniam,
677 1924 830 1991 agifertique
840 1927 925 1991 passi‚·
939 1940 989 1974 aue

315 1992 405 2059 quoties
418 2008 503 2042 vetare
519 1994 668 2048 voluerunt,
684 1992 714 2041 ad
729 1992 832 2042 boscium
846 1993 988 2043 sacietatem

316 2060 371 2108 caesi
382 2074 467 2110 sunt.-
482 2060 577 2110 doneca
590 2060 640 2109 suis
652 2074 777 2108 revocatus
790 2058 935 2124 Agesilaus,
953 2057 987 2109 ob

317 2143 410 2178 exortos
418 2128 444 2175 in
454 2126 551 2176 Grtecilt
559 2128 694 2181 namultus,
710 2126 889 2200 trepidantibus
892 2141 915 2175 et
924 2142 986 2176 con·-

317 2193 475 2245 siliiincertis
486 2193 560 2242 animi
573 2207 679 2243 coetaneo
692 2193 783 2243 terror'c
796 2193 921 2259 recipiendo
928 2209 986 2258 spa

318 2262 376 2310 tium
390 2260 536 2312 concederet.
546 2261 634 2310 Paucis
647 2274 711 2310 ante·
716 2262 789 2309 istum
804 2261 873 2309 annis
886 2260 931 2308 uite
944 2261 986 2311 de

317 2344 364 2377 cem
380 2328 637 2405 Graecorum-millia,
651 2329 705 2377 ¹sine
719 2326 834 2383 ducibus,
853 2328 903 2377 sine
917 2344 983 2377 coms

319 2410 411 2453 meatu,
431 2412 459 2445 ese
474 2396 568 2445 intimis
581 2394 695 2444 Pers-ici
686 2395 778 2460 imperii
775 2393 920 2460 partibus,
938 2411 987 2459 per

320 2477 353 2512 eot
367 2464 468 2528 infestas
477 2465 584 2513 nationes
595 2463 643 2511 iter
652 2462 678 2510 in
686 2462 793 2528 patriam
803 2462 873 2524 ferro
887 2478 986 2526 aperue-

320 2545 391 2594 runt,·
394 2546 457 2581 eum
470 2547 508 2583 eos
518 2543 695 2595 persequeretur
702 2545 828 2579 universae
840 2529 904 2595 regis
918 2544 988 2577 exer-

320 2599 394 2654 citus,
411 2614 456 2663 quo
469 2598 537 2647 modo
546 2613 600 2645 cum
613 2597 677 2662 Cyro
684 2597 769 2658 fraere
784 2596 810 2648 de
825 2612 898 2662 regno
913 2595 989 2644 dimi

321 2681 432 2722 caverat,
449 2667 573 2729 victorque
592 2666 731 2715 extiterat:
746 2680 810 2727 quem
830 2663 871 2714 illi
890 2663 986 2726 quidem

322 2731 458 2812 ubicumque
473 2747 625 2799 congressum
639 2730 758 2793 fiedernnt
774 2732 985 2809 fugaveruntque.

323 2799 391 2848 Nos
383 2802 477 2867 egitur,
489 2772 573 2865 quibus
584 2799 699 2850 universa
711 2797 808 2847 Gracia
821 2813 858 2849 tot
869 2799 984 2848 victoriis

322 2843 418 2916 edomita
430 2883 516 2934 paret,
532 2867 572 2931 qui
581 2882 667 2917 eorum
668 2865 820 2945 fortissimos
833 2880 876 2916 aue
890 2866 915 2914 in
930 2867 986 2916 acie

322 2936 461 2992 cecidimus,
485 2949 529 2983 aut
546 2933 679 2985 babemus
670 2950 695 2981 en
711 2935 825 2996 caseris;
845 2933 986 2983 timebimus
1041 2991 1043 2996 ,

323 3001 406 3055 silicet
421 3001 525 3062 Asiam,
541 3015 614 3067 quam
630 3017 712 3057 eorum
725 3016 783 3068 quos
795 3002 898 3053 uicimus
908 2999 987 3070 pauni
