2625 4017
489 537 678 603 trata
721 541 812 604 111.
935 562 994 623 ¹³⁷

316 638 547 722 magnificentius
563 641 666 721 jactata
682 662 768 717 quam
784 637 888 703 vetius.
901 640 992 705 Cete-

314 740 401 788 rum,
424 719 645 798 pecuniaomni
664 723 800 797 rebusque
821 721 994 798 pretiosissi-

314 802 369 861 mis
375 801 554 861 Damascum
562 800 648 877 Syriae
656 821 723 860 cum
735 799 851 861 modico
861 802 991 879 ptaetidio

315 881 444 941 utilitum
453 879 543 940 mistis
551 919 563 948 ‚
577 881 698 958 reliquas
708 879 805 957 copias
816 881 846 939 in
852 880 989 943 Ciliciam

315 959 416 1029 duxit,
438 958 647 1035 insequentibus
669 979 751 1020 more
767 960 860 1038 patrio
882 981 989 1042 agmen

314 1038 442 1119 conjuge
462 1055 492 1097 et
513 1056 615 1101 matre.
635 1037 770 1120 Virgines
787 1059 900 1117 quoque
919 1061 989 1102 cum

316 1137 407 1195 parvo
433 1116 498 1177 filio
521 1118 728 1178 comitabantur
749 1135 874 1196 patrem.
899 1116 989 1182 Forte

319 1196 418 1257 eadem
431 1212 519 1256 nocte
533 1211 562 1256 et
571 1196 735 1257 Alexander
749 1197 783 1256 ad
799 1196 911 1266 fauces,
927 1199 991 1276 qni·

317 1278 364 1336 bus
376 1274 460 1352 Syria
468 1273 579 1344 aditur,
598 1292 627 1335 et
637 1274 740 1335 Darius
749 1275 783 1336 ad
794 1277 966 1338 eumlocum
976 1317 991 1348 ‚

317 1374 402 1431 quem
422 1352 577 1413 Amanicas
596 1350 684 1434 Pylas
701 1372 828 1422 vocant,
849 1359 990 1434 pervenit.
1034 1404 1039 1410 .

319 1433 382 1496 Nee
398 1432 563 1494 dubitavere
577 1431 692 1500 Perae,
709 1433 778 1511 quin
792 1435 851 1495 Isto
866 1436 987 1507 relicta,

319 1533 401 1591 quam
412 1527 565 1591 ceperant,
578 1511 749 1573 Macedones
756 1514 895 1591 fugerent.
908 1514 989 1578 Natat

318 1595 402 1653 etiam
417 1590 507 1651 saucii
523 1590 638 1668 quidam
656 1608 686 1652 et
706 1590 846 1662 invalidi,
867 1593 915 1671 qui
932 1615 987 1677 ag·

318 1691 382 1732 auen
392 1690 456 1730 non
467 1686 600 1747 poterant
609 1673 758 1748 persequi,
772 1673 885 1749 excepti
895 1691 990 1737 erant.

319 1748 401 1828 Quos
425 1768 549 1817 omnes,
579 1748 715 1809 instinctu
738 1769 954 1828 purpuratorum
975 1793 991 1824 ,

318 1829 434 1890 barbata
448 1828 558 1889 feritate
573 1828 750 1889 sevientium
765 1867 776 1898 ,
794 1827 924 1908 proecist's
937 1829 990 1891 ad·

318 1908 440 1988 ustisque
448 1904 574 1969 nauibus
585 1904 910 1987 circumduci‚tttcopias
921 1930 992 1972 suut

318 2003 497 2058 noscerent,·
525 1984 652 2075 stetitque
673 1984 796 2046 omnibus
819 1988 953 2067 spectatis
975 2028 991 2060 ,

318 2065 446 2128 nuntiare
467 2085 527 2145 quoe
549 2063 689 2127 vidttsent
713 2064 778 2145 regi·
796 2085 872 2137 suo,
898 2067 993 2145 justit.

319 2144 407 2206 Motis
423 2166 494 2227 ergo
512 2144 607 2207 eastris
617 2185 631 2215 ‚-
648 2163 760 2223 superat
775 2143 912 2207 Pinarum
924 2168 992 2207 am-

318 2243 383 2286 nem
394 2266 410 2294 ,
429 2224 519 2284 inter
540 2225 547 2238 ‘
569 2264 583 2295 ,
599 2243 631 2286 ut
649 2225 799 2293 credebat,
818 2225 991 2304 fugientium

319 2301 456 2365 haesurus.
463 2304 504 2364 At
513 2247 574 2374 iiii,
585 2325 712 2381 quorum
719 2320 914 2381 amputaverat
925 2326 994 2365 ma·

317 2402 394 2454 nat,
417 2381 454 2442 ad
477 2401 567 2445 castra
590 2384 785 2444 Macedonum
807 2399 955 2459 penetrant
978 2415 995 2453 ‚

317 2460 446 2525 Durium
455 2481 535 2539 quarn
548 2462 669 2522 maximo
684 2481 769 2524 eursu
780 2477 874 2539 posset
880 2501 897 2532 r
912 2462 995 2541 sequi

317 2542 491 2603 nuntiantes.
518 2542 579 2603 Vix
608 2541 678 2602 fides
702 2541 870 2602 habebatut‘o
891 2540 995 2618 Itaque·

316 2621 717 2700 specttlatoaesinmaritimas
728 2620 858 2701 regiones
867 2621 997 2694 prumia-

317 2722 364 2761 aot
389 2697 540 2781 explorare
558 2700 658 2778 jubet,
680 2699 774 2779 ipsene
800 2696 912 2758 adesset
923 2740 936 2766 ,
953 2718 995 2759 att

312 2777 508 2859 prefectorum
541 2778 645 2855 uliquis
675 2777 797 2858 speciem
846 2776 997 2839 tabuisset·

315 2856 445 2920 universi
458 2857 600 2918 venientis
614 2857 766 2921 exercitus.
779 2798 913 2919 Sericum
927 2878 993 2934 spe-

315 2938 461 3001 contens
494 2953 729 3022 revertentem,
762 2936 867 3017 procul
892 2937 998 3020 ingene

862 3036 901 3097 Mt
