2625 4017
405 534 456 594 IN
489 537 526 602 Q,
561 539 746 602 ,CURTIUM
780 541 809 596 L
844 541 886 604 11·
953 552 987 609 η

314 641 393 687 tatu,
412 643 487 694 quem
501 642 585 677 secum
598 626 719 685 habebat,
738 629 849 680 assumtis
865 631 989 686 Tirraeun

315 694 464 764 equitibus,
482 708 509 745 et
521 708 626 758 quatuor
642 694 778 751 arnicorurn
795 697 902 756 turmis,
922 700 990 752 inter

309 782 375 830 ¹qm,
391 777 418 813 et
434 760 589 827 reginem,
610 760 724 811 Miletum
739 763 876 816 contendit.
888 768 989 831 Quippe

315 828 504 897 Hegesistratus
519 825 625 891 presidii
643 833 769 893 prefectus
786 831 865 881 literis
880 826 910 881 ad
931 850 988 886 eun

316 896 417 956 missis,
435 911 505 960 spent
520 893 655 946 deditionis
672 900 763 950 fecerat
780 901 841 951 :scd
858 915 988 965 postquam

316 965 447 1015 Persarum
456 962 558 1014 classem
568 961 593 1011 in
601 960 741 1029 propinquo
756 966 845 1019 uersari
859 983 987 1032 cognove-

317 1047 371 1091 rat,
387 1028 610 1084 mutatasententia
622 1028 740 1092 oppidum
753 1030 831 1081 Dario
841 1050 988 1084 conservare

317 1098 456 1151 nitebatur.
467 1099 532 1146 Nam
547 1112 572 1147 et
586 1112 766 1146 commeatuum
780 1100 949 1165 telorumque,
963 1116 989 1153 et

317 1165 338 1215 si
353 1182 404 1231 qua
418 1161 467 1213 alia'
482 1164 513 1213 ad
527 1163 681 1224 tolerandam
695 1162 850 1215 obsidionem
865 1167 991 1230 requirunr

318 1247 380 1290 tur,
397 1246 513 1295 magnam
528 1228 632 1288 habebat
645 1229 760 1293 copiam3
777 1247 802 1281 et
820 1249 992 1298 propugnato·

319 1315 372 1359 turn
387 1295 550 1353 multitudine
559 1296 710 1350 abundabat:
720 1295 775 1360 quia
785 1301 918 1358 Memnon,
932 1317 990 1354 eum

317 1382 346 1416 ex
363 1364 453 1430 prelio
469 1362 583 1412 Miletum
598 1361 760 1427 perfugisset,
777 1366 862 1415 multis
879 1364 914 1416 ibi
928 1384 990 1416 suo·

320 1449 373 1483 rum
387 1428 485 1482 relictis
494 1428 632 1494 presidium
644 1428 791 1482 firmaverat.
811 1430 889 1497 Igitur
898 1432 990 1485 infesto
1044 1459 1047 1464 ·

320 1497 419 1565 agmine
434 1514 591 1563 suggressus,
607 1495 757 1548 exteriorem
777 1500 876 1558 urbem,
895 1516 923 1551 ut
942 1500 990 1564 ipsi

321 1567 464 1622 vocabum,
482 1581 512 1614 ex
526 1562 614 1631 itinere
625 1562 708 1627 cepit:
719 1580 773 1614 narn
787 1565 905 1630 oppidani
922 1565 992 1617 mili.

321 1648 407 1699 sesque
417 1671 426 1691 ,
443 1647 473 1681 nc
480 1629 544 1695 vires
550 1646 709 1696 spargerent,
718 1630 743 1679 in
754 1630 896 1683 interiorem
904 1636 990 1690 urbem

322 1713 510 1755 concesserant,
523 1696 640 1748 auxilium
653 1714 768 1760 suorum.
784 1701 852 1764 quod
861 1700 923 1750 haud
933 1718 992 1764 pro·

322 1769 361 1819 sul
380 1767 467 1819 aisesse
483 1765 614 1821 rebantur,
634 1762 780 1829 opperituri.
798 1769 887 1818 Verum
904 1784 992 1820 vanam

321 1831 521 1898 expectationem
529 1832 591 1882 fecit
600 1831 856 1884 Macedonicaelassis
864 1836 991 1894 adventus,

321 1918 373 1967 que
382 1900 512 1952 Nicanore
525 1900 677 1956 duceLadcn
685 1897 786 1954 insulam
795 1918 866 1965 supra
876 1902 991 1959 Miletum

322 1967 396 2019 sisarn
406 1965 559 2031 occupavitr
571 1965 661 2015 deinde
669 1982 723 2014 cum
735 1967 783 2026 jam
792 1968 899 2019 hostiurn
909 1968 993 2022 classis

323 2037 354 2085 ad
363 2034 482 2101 Mycalen
491 2049 600 2099 montem
616 2034 733 2093 hererct;
748 2032 825 2096 iprum
838 2033 993 2090 Milesiorum

315 2118 427 2170 portum
444 2099 553 2166 ingressa
566 2099 660 2149 Persici
678 2098 761 2148 auxilii
780 2119 848 2165 spem
864 2102 994 2166 oppidanis

325 2169 428 2222 ademit.
444 2170 531 2242 Neque
547 2166 710 2230 prohibebant
725 2166 840 2227 barbari,
859 2186 993 2234 quanquam

324 2253 431 2294 numero
442 2250 540 2293 navium
553 2234 630 2299 longe
644 2247 800 2296 prestarent:
817 2234 906 2299 quippe
919 2239 994 2300 paulu

325 2303 406 2356 minus
416 2299 602 2367 quadringentis
610 2300 729 2350 habebant
738 2336 746 2359 ,
761 2318 816 2350 cum
825 2302 934 2353 Nicanor
943 2319 995 2362 ran,-

299 2369 302 2376 ’
326 2387 379 2429 tum
393 2366 522 2434 sexaginta
538 2385 608 2431 supra
620 2383 717 2422 centum
735 2367 883 2424 adduxisset.
901 2374 996 2421 Interes

326 2435 486 2500 Glaucippus
510 2434 622 2499 princeps
643 2432 752 2484 civitatis
774 2436 804 2485 ad
828 2436 995 2492 Alexandrum

327 2505 437 2561 missus,
453 2500 552 2566 petito,
567 2520 595 2552 ut
608 2502 690 2554 urbem
704 2517 726 2551 et
733 2519 817 2569 porrus
826 2505 995 2566 Macedonibus

328 2574 455 2637 Persisque
463 2586 596 2621 communes
603 2586 651 2622 esse
655 2583 799 2635 pateretur‚·
817 2569 996 2635 tristerespom

329 2656 383 2690 suna
397 2636 517 2688 retulerat
528 2652 536 2685 t
546 2636 605 2688 Non
616 2654 639 2687 sc
651 2637 742 2688 varim
754 2637 780 2688 in
792 2635 893 2694 Asiam,
914 2654 941 2688 ur
954 2656 995 2695 ας.

327 2707 437 2774 ciperet,
450 2703 512 2769 quod
520 2704 565 2754 alii
577 2704 747 2765 concederent,·
762 2704 801 2754 sed
810 2719 838 2753 ut
851 2704 943 2769 quisque
953 2707 996 2757 ha·

327 2770 412 2830 beret,
429 2770 491 2837 qaod
499 2771 546 2837 ipse
552 2770 696 2835 reliquisset.
706 2769 787 2834 Iraque
794 2771 883 2823 scirent
891 2772 997 2826 omniunt

325 2840 490 2912 fortunarum
498 2836 629 2888 arbitrium
636 2837 730 2887 meliori
735 2829 938 2902 permittendum,-
954 2854 998 2890 aue

332 2907 359 2981 io
369 2905 508 2972 proximam
521 2905 599 2957 lucem
613 2904 639 2953 de
648 2920 673 2953 eo
686 2903 824 2953 certandum
833 2921 890 2954 este.
900 2905 946 2953 Sed
956 2903 999 2970 qui

331 2969 472 3047 [nciuitats
481 2984 568 3043 qaut,
581 2968 689 3054 primum
700 2967 869 3042 inridentium
881 2968 1001 3052 impetum
