2625 4017
391 425 418 437 -d

367 545 410 597 ΙΝ
444 545 480 607 Q.
517 544 710 597 cussanus
744 544 773 596 ι.
804 547 847 598 ιι.
902 562 965 609 107.

271 636 314 685 lus
330 634 437 683 candido
452 646 479 684 et
490 631 544 697 ipse
561 631 653 683 vestitu
670 635 825 711 sequebatur.
849 633 952 700 Agauen

272 702 381 752 ducebat
395 701 485 751 laddus
501 716 606 752 summus
626 716 753 751 sacrorum
773 701 873 752 antistes
893 718 951 755 cum

272 767 492 819 solemniornatu.
503 765 732 846 Appropinquantis
748 785 842 833 pompe
858 786 951 821 venus·

270 851 352 888 tatem
367 835 523 900 speciemque
539 834 641 886 miratus
656 851 714 893 sex3
732 852 796 901 equo
810 836 926 888 desiliens
942 874 951 897 ‚

272 905 343 954 solus
356 902 494 980 processit,
509 903 662 968 adoratoque
678 902 727 953 Dei
743 904 864 961 nomine,
880 905 950 971 quod

270 988 349 1025 aurea
363 970 459 1022 lamine
473 969 622 1034 insculptum
637 969 727 1021 cidaris
743 970 869 1035 pontificia
885 989 949 1036 prar-

269 1040 386 1118 ferebat,
402 1037 482 1102 ipsum
494 1054 590 1115 quoque
605 1054 747 1088 reverenter
759 1038 884 1091 salutat-‚it
894 1044 947 1091 lm·

269 1106 426 1172 provisam
443 1106 573 1165 omniurn,
593 1105 706 1170 quicum
724 1121 755 1155 eo
771 1108 920 1159 advenerant
941 1142 950 1164 ,

269 1174 367 1226 animos
382 1174 409 1224 in
425 1188 551 1237 stuporem
568 1173 648 1224 dedit.
670 1175 686 1222 J
690 1172 750 1222 udaer
768 1191 797 1223 ex
814 1169 949 1239 propinqui

267 1241 341 1294 exitii
358 1257 425 1293 metu
447 1257 497 1290 ιιοιι
512 1238 538 1290 in
554 1257 623 1305 spem
638 1238 821 1291 incolumitatis
842 1243 918 1291 modo
935 1275 946 1300 ‚

267 1309 329 1361 sed'
322 1308 454 1375 inopinata
468 1307 674 1373 gratisfiduciam
690 1307 768 1359 erecti
783 1306 948 1386 circumibant

266 1393 374 1442 regem,
392 1377 497 1434 laudes,
514 1374 754 1452 gratulationemque
770 1391 795 1426 et
811 1391 870 1426 vota
885 1374 948 1427 ntis·

267 1459 363 1495 centes.
380 1447 475 1495 Contra
491 1448 607 1508 Syrorum
621 1443 717 1521 regssli,
738 1442 778 1509 qui
797 1444 829 1493 ob
846 1443 945 1495 crebras

266 1513 415 1577 acerbasque
434 1528 489 1561 cum
506 1510 596 1562 Judaeis
613 1509 751 1562 simultates
773 1510 944 1563 Alexandrum

265 1598 346 1632 secuta
338 1580 470 1636 fuerant,
487 1576 645 1629 inimicorum
659 1577 805 1642 suppliciis,
822 1593 849 1629 ut
860 1580 948 1633 reban-¹

264 1665 324 1705 tur,
345 1646 431 1698 infesti
449 1644 523 1696 animi
539 1644 671 1697 libidinem
687 1645 833 1709 expleturi,
856 1662 946 1712 stupe·

264 1718 348 1774 bant3
367 1711 437 1765 dubii
449 1730 544 1765 verane
564 1729 646 1764 essent
660 1730 710 1778 quae
727 1713 895 1773 intuerentur,
910 1729 944 1764 ιιι

264 1783 369 1850 aliquod
384 1782 515 1833 oculorum
525 1781 660 1832 ludibrium
675 1798 737 1832 vana
752 1780 858 1845 imagine
872 1779 944 1858 sopi-

264 1868 308 1902 tos
323 1866 408 1901 seusus
423 1850 531 1901 falleret.
545 1851 633 1914 Neque
648 1848 728 1901 minus
742 1846 913 1900 Macedonas
903 1864 945 1899 an-

263 1918 372 1996 soleutia
384 1916 519 1980 spectaculi
534 1933 663 1981 suspensos
673 1915 778 1967 habuit:
797 1918 875 1967 donec
886 1933 945 1983 ptos

262 1986 320 2051 pius
333 1986 453 2035 accedens
467 1984 636 2035 Parmenion'
630 2000 785 2049 interrogare
799 2002 867 2035 ausus
884 1999 942 2045 est,

263 2056 348 2121 quid
339 2070 376 2104 ata
391 2056 497 2105 externis
518 2054 666 2105 ceremoniis
687 2054 796 2105 honorem
812 2056 941 2117 deferret,

262 2139 331 2187 quem
346 2139 362 2170 a
376 2138 427 2171 sam
435 2122 504 2184 soeda
515 2137 587 2188 gente
605 2121 678 2171 etism
693 2122 813 2196 recipere
810 2122 853 2171 vix
870 2134 941 2171 tants

263 2207 321 2256 rege
336 2188 378 2256 dig
363 2206 437 2238 snum
452 2190 533 2239 esset?
553 2188 638 2263 Atque
653 2185 715 2237 ille
708 2186 855 2238 insomnium
870 2203 940 2237 suum

263 2231 372 2305 retulit.
380 2253 479 2304 Deinde
495 2253 604 2304 urbem
597 2271 720 2331 ingressus
735 2255 761 2304 in
774 2251 941 2318 pulcherrima

262 2322 348 2373 aede'
329 2337 489 2384 artureeepto
499 2339 592 2372 sacrum
605 2322 662 2372 Deo
672 2320 752 2381 fecit,
767 2337 791 2372 ee
800 2323 864 2371 dona
878 2337 942 2372 tem-

260 2391 307 2455 plo
317 2388 413 2440 intulit.
430 2388 537 2453 Inspexit
546 2389 620 2439 etiarn
632 2407 714 2441 saeros
723 2388 805 2466 gentis
819 2388 941 2447 codices,

261 2454 942 2522 quibuscontinebanturdiuanteperscriptavaticinia·

260 2529 331 2577 lnter
341 2540 392 2589 quae
400 2528 492 2591 Tyrum
503 2524 680 2575 Macedonibus
691 2540 830 2602 cessuram,
849 2539 873 2574 et
884 2524 942 2573 Per·

260 2610 299 2641 sas
313 2594 424 2643 aGraeco
434 2594 541 2657 quodam
553 2591 744 2643 debellatum'
714 2608 764 2652 arr,
782 2590 882 2643 clare'
863 2591 943 2657 sagni-

258 2659 389 2738 licabatur.
400 2664 461 2710 Eum
472 2677 497 2711 se
506 2659 577 2711 fore
567 2676 762 2725 interpretatus,
779 2656 869 2709 Judaeis
879 2674 940 2709 con·

259 2726 359 2787 cessit,
379 2745 408 2779 ιιι
429 2730 492 2779 domi
502 2729 612 2796 forisque
628 2731 679 2781 suis
695 2728 787 2797 legibus
805 2729 942 2795 ritibusque

258 2795 335 2848 libere
351 2812 496 2859 asserentum
512 2813 536 2848 ιι
552 2798 607 2862 quia
621 2799 746 2865 septimum
764 2814 874 2877 quemque
890 2814 937 2849 an

259 2881 319 2914 nram
331 2866 494 2931 agricultura
505 2881 623 2916 exsortem
632 2881 728 2932 agunt,
743 2868 815 2917 esiam
826 2863 933 2915 tributo·

259 2948 316 2983 rum
333 2932 388 2983 iste
394 2933 505 3001 partiens
520 2935 682 2985 solverentur.
701 2932 820 2986 Naturam
837 2946 935 3003 quoque
