2625 4017
383 571 445 636 '440
567 557 610 639 Q.
650 558 895 622 CURTII

381 665 452 726 dum
474 661 608 744 dirigunt.
635 661 729 721 Multa
751 676 780 721 et
806 660 862 721 alia
886 658 1042 722 traduntur
1054 677 1068 731 ἰ

381 744 483 823 quibus
498 742 605 801 morati
621 740 751 800 ordinem
766 760 883 809 rerum,
904 740 980 802 baud
992 759 1064 823 rane

381 843 476 901 operae
489 822 647 884 videbatur.
987 883 991 889 ,

421 902 498 962 Cre.
523 900 565 963 X.
589 901 678 979 Igitur
697 898 863 961 Alexandro
882 898 954 959 fines
974 898 1063 962 Indiae

381 982 511 1063 ingresso
530 981 658 1060 gentium
678 1002 791 1040 suarum
810 979 901 1059 reguli
922 1000 1062 1040 occurre-

380 1079 469 1129 runt,
482 1061 619 1139 imperata
634 1060 755 1132 facturi3
769 1057 846 1118 illurn
866 1058 978 1117 tertium
989 1056 1063 1120 Jove

378 1138 507 1219 genitum
524 1137 560 1197 ad
578 1138 654 1217 ipsos
666 1138 827 1219 pervertisse
842 1147 1064 1211 memorantes5

380 1216 497 1282 Patrem
513 1216 642 1279 Liberum
657 1235 737 1296 atque
749 1215 896 1277 Herculem
907 1215 991 1291 fama
1013 1237 1063 1277 aa·

403 1298 478 1358 uitos
489 1317 551 1357 esse
562 1324 572 1357 :
585 1298 674 1376 iprum
687 1317 777 1356 coram
787 1294 903 1364 adesse,
918 1295 1064 1373 cernique.

378 1318 449 1438 iteri
467 1378 590 1457 benigne
607 1392 740 1453 exceptos
751 1374 826 1451 sequi
845 1375 942 1454 jussit,
960 1376 1062 1435 iisdem

380 1456 518 1517 itinerum
527 1456 641 1516 ducibus
652 1478 761 1516 usurus.
772 1454 908 1515 Ceterum
919 1476 989 1515 curn
1000 1476 1064 1515 arn·

404 1536 457 1596 lius
472 1554 561 1595 nemo
577 1554 757 1607 occurreret3
780 1533 1018 1611 Hephaestionern
1033 1549 1062 1595 et

380 1556 536 1678 berdicmn
547 1636 613 1676 cum
625 1616 774 1693 copiarum
790 1632 868 1691 purte
880 1614 1017 1689 praemisit
1027 1612 1062 1674 ad

381 1694 575 1774 subigendos,
598 1695 646 1771 qui
667 1711 860 1755 aversarentur
877 1694 1060 1770 imperium:

382 1776 516 1851 jussitque
538 1772 574 1831 ad
591 1773 700 1853 flumen
723 1770 820 1833 Indum
840 1772 1013 1854 presedere,
1037 1785 1065 1832 et

380 1854 499 1931 navigia
508 1850 628 1926 facere,
648 1852 710 1931 quir
726 1852 755 1911 ia
769 1850 902 1911 ulteriora
915 1869 1064 1931 transpor-

381 1930 439 1991 tari
452 1948 547 2010 posset
558 1930 707 1995 exercitus.
719 1933 764 1992 Illi
775 1933 839 2009 quia
849 1933 931 2009 plura
942 1930 1064 1991 flumina

381 2011 538 2087 superanda
550 2029 649 2079 crant,
668 2012 706 2072 sie
719 2013 834 2088 junxere
848 2032 955 2079 naves,
972 2030 1004 2071 ut
1017 2033 1066 2071 so·

381 2090 449 2151 lutae
461 2090 588 2166 plaustris
599 2090 664 2151 vehi
678 2108 790 2168 possent
802 2132 813 2160 ,
828 2110 976 2167 rursusque
988 2113 1064 2151 con·

381 2170 475 2249 jungi.
492 2166 562 2228 Post
581 2189 611 2228 se
623 2168 737 2229 Cratero
758 2190 817 2230 curn
829 2168 969 2250 phalange
985 2172 1063 2247 jusso

382 2247 488 2326 sequi,
513 2248 670 2326 equitatum
699 2271 733 2309 uc
762 2251 855 2311 levem
884 2268 1063 2311 armaturam

383 2328 500 2399 eduxit3
512 2349 635 2404 eosque,
648 2330 695 2405 qui
709 2349 906 2398 occurrerant,
920 2330 979 2389 levi
989 2351 1065 2407 pre.-

381 2408 427 2468 lio
453 2408 483 2465 in
508 2410 607 2468 urbent
630 2410 794 2485 proximum
817 2410 968 2486 compulit.
993 2410 1065 2475 Jnm

381 2505 583 2564 supervenerat
594 2487 736 2548 Craterus.
753 2490 853 2564 Ituque
868 2508 899 2549 ut
917 2489 1064 2565 principio

382 2582 525 2627 terrorem
534 2568 671 2627 incuteret
680 2570 757 2647 genti
769 2569 896 2628 nondum
906 2589 984 2627 arma
997 2569 1065 2628 Ma·

325 2619 357 2684 0
382 2646 526 2706 cedonum
545 2666 687 2723 expertae3
711 2648 834 2725 praecipit
850 2668 884 2706 ne
902 2646 946 2705 cui
961 2666 1065 2725 parce-

382 2741 477 2793 retur,
493 2726 676 2787 munimentis
687 2728 761 2787 urbis
773 2766 782 2796 ‚
794 2749 879 2804 quarn
893 2727 1063 2797 obsidebat,

383 2803 515 2867 incensis.
528 2805 663 2866 Ceterum
676 2808 742 2867 dum
760 2807 942 2884 obequitabat
952 2808 1064 2866 moeni-

384 2884 458 2951 bus,
480 2886 579 2964 sagitta
598 2885 668 2945 ictus
686 2905 737 2947 est.
758 2887 841 2964 Cepit
856 2904 953 2945 tumen
975 2887 1066 2963 oppi-

383 2961 475 3033 dum,
495 2982 524 3025 et
551 2966 684 3028 omnibus
707 2965 810 3031 incolis
831 2965 891 3047 ejus
917 2965 1070 3046 trucidatis„
