2625 4017
312 559 346 615 41
414 552 441 606 J.
475 552 667 605 FREINSH.
701 551 893 606 snPPLesr.

313 645 448 694 mentatum
467 641 561 699 misso,
585 637 707 703 comperit
726 657 780 690 suos
800 639 826 688 ia
844 637 991 689 discrimine

312 712 432 762 versari·
422 708 537 774 ,quippe
552 680 669 758 Glaucias
683 707 774 756 colles
775 720 862 766 campo
879 704 989 754 circum·

314 780 386 827 datos
405 792 589 840 occupaverat,
603 778 629 827 in
645 775 799 826 occasionem
818 775 930 837 gerenda
948 771 988 823 rei

313 844 432 894 intentus.
449 844 547 920 Igitur
541 846 657 894 adversus
672 843 851 917 oppidanorum
869 839 990 904 eruptio·

315 928 370 961 nem
385 927 454 975 parte
470 910 590 960 exercitus
604 912 629 959 in
646 909 849 966 saturnalicia,
869 926 924 958 cum
943 925 988 958 ce·

315 978 374 1028 teris
395 978 473 1042 copiis
495 979 601 1043 impigre
620 982 746 1041 profectus
763 992 825 1034 esta
843 975 987 1039 territisque

314 1046 425 1112 Illyriis,
443 1063 500 1095 suos
519 1044 613 1108 recepit
630 1045 776 1095 incolumes.
798 1048 914 1096 Ceterum
936 1043 987 1092 iter

313 1116 420 1163 facturo
433 1113 562 1162 maximnm
584 1113 721 1176 periculum
741 1111 893 1161 imminebat.
916 1110 990 1160 Hinc

312 1180 478 1240 flumcu‚incl'e
487 1178 725 1258 preruptiarduique
737 1178 848 1229 colles'
823 1195 889 1229 viam
900 1194 989 1227 coarc-

313 1250 423 1306 tabant,
439 1247 549 1298 relicto
543 1249 632 1297 ttinere
648 1282 656 1307 ,
676 1247 743 1311 quod
759 1246 843 1296 multis
858 1245 924 1295 locis
940 1244 987 1295 vix

315 1332 447 1381 quaternos
459 1331 565 1365 armatos
580 1330 697 1378 caperet.
711 1314 831 1365 monrium
848 1312 912 1377 iugis
928 1312 988 1363 Cli-

316 1399 356 1433 tus
371 1399 443 1444 atque
460 1382 575 1432 Glaucias
591 1380 773 1458 sagittariorum
790 1397 815 1431 et
830 1365 987 1430 funditorum

317 1451 434 1499 cohortes
455 1465 615 1515 magnamque
635 1448 717 1515 gravis
740 1465 864 1498 armature
886 1463 987 1498 manum

317 1518 493 1580 imposuerant.
509 1518 650 1566 Alexander
666 1515 778 1567 ducentis
791 1514 913 1594 equitibus
928 1529 989 1565 ante

318 1600 446 1663 utinamque
466 1584 594 1648 phalangis
615 1600 691 1633 cornu
714 1582 864 1642 collocatis,
880 1583 990 1645 imperat

318 1669 345 1703 uc
356 1655 473 1720 erigerent
485 1654 566 1703 hastas
578 1670 651 1713 ,mox
665 1654 734 1718 signo
746 1654 803 1702 dato
815 1668 899 1701 versus
910 1653 991 1702 hostes

318 1736 438 1785 tamquam
448 1720 676 1785 impcrumfasturi,
689 1720 789 1783 infestas
797 1720 989 1784 protenderant,-¹

319 1790 388 1838 modo
405 1789 429 1835 in
448 1789 575 1844 dextrum,
591 1788 659 1835 molo
676 1789 701 1835 in
715 1788 842 1836 sinistrum
859 1789 927 1836 larus
945 1788 990 1834 in·

317 1857 392 1904 vicem
402 1856 520 1904 conversi.
530 1852 653 1916 Suspensis
663 1868 693 1901 eo
707 1867 847 1902 commento
857 1850 989 1927 hostibus,

316 1921 461 1985 phalangem
482 1920 570 1984 raptim
595 1936 749 1984 progressam
772 1935 833 1968 nunc
856 1918 882 1967 in
905 1920 990 1981 plures

318 1988 383 2037 acics
398 1985 509 2044 diducit,
525 2003 588 2036 nuuc
604 1985 707 2037 divisam
725 1986 846 2053 colligit,
862 1988 890 2034 ad
906 2001 991 2035 extre-

318 2071 384 2104 mum
402 2071 480 2104 cunco
497 2057 580 2112 facto,
598 2055 623 2103 in
638 2054 698 2105 leva
718 2055 858 2121 lllyriorum
875 2052 989 2116 praesidia

316 2139 415 2172 attenue
431 2122 516 2172 infert.
529 2122 570 2173 llli
588 2121 716 2172 celeritate
729 2139 753 2171 et
767 2121 854 2185 peritia
865 2122 991 2170 Macedo-

317 2206 374 2240 num
392 2189 417 2238 in
432 2204 556 2252 stuporem
571 2187 653 2247 versi,
669 2189 771 2239 desertis
784 2205 845 2253 quos
860 2203 991 2238 tenuerant

257 2257 259 2259 ’
318 2256 461 2311 montssaus,
478 2273 560 2306 versus
574 2258 657 2306 urbem
674 2260 824 2319 refugerunt.
841 2255 914 2305 Pauci
934 2272 989 2306 res-

316 2324 420 2375 titerant
435 2322 460 2371 in
478 2322 547 2372 edito
564 2326 649 2381 colle,
665 2343 714 2401 qua·
725 2325 769 2385 jam
785 2322 914 2373 transierat
931 2326 990 2371 Ma·

317 2393 439 2441 cadonum
455 2408 564 2455 agmen·
581 2391 611 2439 iis
626 2391 745 2453 dejectis,
760 2391 901 2441 allexander
919 2392 1013 2441 duo-

316 2462 361 2510 bus
377 2464 428 2509 fere
445 2458 554 2509 millibus
567 2459 734 2524 Agrianorum
752 2456 986 2524 sagittariorumque

318 2528 403 2577 locum
419 2526 502 2590 capit3
517 2526 649 2591 phalangi,
665 2544 735 2591 quam
751 2526 841 2575 flumen
857 2525 990 2575 transmit·

317 2610 371 2644 tere
381 2596 497 2652 iusserat,
512 2595 624 2657 praesidio
634 2598 738 2643 futurus.
749 2597 782 2643 Ea
795 2610 821 2643 re
835 2609 992 2656 conspecta,¹

320 2661 432 2713 universa
448 2661 554 2711 hortium
575 2661 733 2711 multitudo
727 2675 774 2710 ater
790 2661 820 2711 ad
838 2675 935 2739 montes
950 2677 991 2710 ar-

319 2729 416 2792 ripuis,·
433 2746 463 2777 eo
480 2728 605 2793 consilio,
622 2745 650 2779 ut
667 2731 797 2789 transiecta
813 2727 882 2795 gravi
903 2741 993 2777 arma-¹

319 2810 390 2851 tura
407 2812 538 2845 extremum
556 2814 660 2863 agmen,
677 2797 702 2845 in
717 2814 765 2861 quo
775 2796 826 2859 ipse
842 2812 883 2845 rex
896 2794 991 2845 transi-

320 2878 389 2913 turus
406 2878 477 2920 erat,
498 2865 661 2916 adorirentur.
679 2866 726 2915 Ille
741 2864 802 2913 nihil
821 2863 923 2914 territus
941 2875 994 2913 vce-¹

319 2929 416 2979 aientes
430 2929 529 2980 fortiter
544 2932 660 2996 excipit·
676 2931 748 2982 simul
764 2931 867 2995 phalanx
884 2931 993 2981 sublato

318 2999 444 3061 chancre,
458 2998 525 3067 quasi
534 2997 623 3051 iterum
638 2999 780 3053 transmisso
794 2997 993 3055 amuesubsidio·

938 3064 993 3118 auio
