2625 4017
494 548 812 642 LIBERiX.
927 566 986 628 469
1066 502 1069 508 Ι

314 668 462 733 smputate
474 654 580 731 coepit:
593 674 646 714 nec
656 653 696 713 sic
707 651 822 729 quidem
832 650 988 730 pertinacia

307 736 390 797 'victa
405 776 415 801 ,
435 754 526 794 rursus
541 734 628 793 aliam
638 751 749 811 partem
761 752 857 792 secare
867 734 990 807 institit3

315 834 346 875 et
364 814 465 873 deinde
488 833 548 871 non
571 815 683 892 segnius
706 811 889 871 inherentem
912 813 988 875 ferto

316 893 434 954 subinde
442 893 574 953 caedebat.
585 894 638 952 lile
648 893 678 952 in
688 893 805 953 vulnere
815 892 879 951 fetae
891 891 988 954 dentes

316 972 502 1033 moribundus
523 990 635 1049 quoque
657 972 800 1033 infixerat.
822 968 940 1029 Tantam
958 972 989 1031 in

316 1050 378 1114 iilis
399 1048 565 1109 animalibus
581 1049 617 1109 ad
639 1048 792 1110 venandum
809 1048 990 1128 cupiditatem

316 1130 497 1208 ingenerasse
521 1147 649 1188 naturum
674 1128 819 1189 memorie
844 1128 989 1206 proditum

317 1228 371 1270 est.
382 1209 521 1285 Equidem
536 1210 616 1285 plura
633 1208 808 1275 transcribo,
829 1229 914 1286 quam
927 1228 992 1268 cte·

319 1289 357 1348 do
370 1311 378 1346 :
391 1307 459 1347 nam
469 1307 522 1347 nec
534 1286 674 1348 affirmare
687 1289 830 1354 sustineo,
845 1289 990 1365 dequibus

319 1368 440 1437 dubito;
462 1387 515 1425 nec
531 1367 706 1435 subducere,
727 1387 787 1444 quae
805 1369 913 1444 accepi.
926 1368 988 1428 Re-

317 1448 389 1507 licto
406 1447 491 1525 igitur
507 1445 625 1522 Sophite
641 1448 671 1506 in
683 1467 735 1506 suo
751 1465 865 1526 regno,
885 1447 919 1506 ad
931 1444 987 1507 flu·-

317 1525 399 1587 uium
424 1524 552 1603 Hypasin
568 1525 729 1604 processit,
757 1525 957 1603 Hephaestione
975 1569 987 1595 ‚

318 1605 368 1683 qui
395 1605 533 1664 diversam
556 1604 702 1684 regionem
726 1606 892 1688 subegerat,
916 1626 990 1666 con·

318 1686 431 1764 juncto.
444 1683 580 1763 Phegelas
591 1702 650 1743 erat
682 1684 753 1742 entis
769 1685 903 1763 proximat
917 1705 990 1754 rex,

316 1765 366 1841 qui
378 1765 559 1841 popularibus
570 1763 624 1822 suis
635 1705 723 1821 coiere
735 1782 837 1840 agros,
852 1780 882 1822 ut
892 1783 991 1822 nssue·

318 1862 415 1903 verunt
431 1882 441 1911 ,
458 1842 556 1919 jussis,
576 1841 741 1902 Alexandro
754 1861 820 1902 cum
838 1842 917 1902 donis
935 1864 989 1911 oc·-v

318 1922 406 1983 currit
417 1943 426 1992 3
447 1921 518 1980 nihil
530 1921 604 1998 quod
615 1921 769 1998 imperaret
781 1922 946 1984 detrectans.
971 1974 974 1978 ,

359 2002 436 2065 Cn.
448 2002 487 2063 11.
498 2001 619 2060 Biduum
628 2002 701 2078 apud
713 2022 779 2060 eum
790 2004 909 2061 substitit
920 2021 988 2063 rex:

318 2081 404 2141 tertio
432 2081 476 2137 die
500 2100 617 2150 ‚amnem
644 2100 775 2157 superate
803 2080 991 2151 decreverat,

319 2160 436 2220 transitu
446 2156 608 2225 difficilem,
626 2179 685 2217 non
696 2158 785 2234 spatio
797 2161 890 2230 solum
903 2180 992 2235 aqua-

319 2260 404 2307 rum,
424 2238 469 2295 sed
481 2238 569 2295 etiam
580 2238 653 2295 suxis
669 2236 833 2314 impeditum
842 2259 852 2301 ¹.
862 2238 989 2298 Percon-

320 2315 988 2397 tatusigiturPhegelam‚quaenoscendaetant,

318 2416 362 2457 Χῖ
377 2394 481 2454 dierum
494 2392 678 2473 uittaflumen
688 2415 740 2474 per
751 2413 847 2454 uastas
859 2394 990 2455 solitudi-

319 2496 371 2535 nes
393 2476 446 2534 iter
467 2494 529 2534 esse
548 2474 696 2553 cognoscit
712 2496 721 2534 t
740 2474 868 2553 estipepe
890 2474 990 2536 deinde

320 2553 458 2633 Gangen,
473 2551 622 2625 maximum
633 2551 718 2614 totius
728 2549 989 2693 Indiaediuminnm:

321 2632 478 2692 ulteriorem
489 2631 576 2721 ripam
588 2629 676 2691 tolete
690 2649 790 2711 gentes
839 2632 991 2713 angntidas

320 2729 348 2772 et
363 2709 532 2771 Pinnensem
545 2730 557 2781 ;
581 2728 722 2788 eorumque
737 2731 828 2789 regem
846 2732 908 2783 esse
926 2714 991 2793 Ag·

317 2811 481 2878 geunnen,
497 2810 539 2849 xx
550 2787 671 2847 millibus
689 2789 829 2867 equitum,
847 2789 991 2872 ducentis-

321 2890 372 2948 que
385 2868 508 2949 peditum
520 2866 690 2929 obsidentem
703 2868 779 2929 nias.
792 2868 839 2929 Ad
851 2866 991 2948 hecque-

320 2946 463 3043 drigprum
475 2948 527 3028 pino
539 2945 630 3021 millia
645 2944 774 3027 traieci,
793 2939 990 3035 irptaecipcium
