2625 4017
407 628 476 670 ,222
597 603 644 686 Q.
682 604 922 668 CURTII

418 702 588 776 Terrarum,
605 702 718 781 inquit,
735 725 803 782 quos
820 701 949 765 Oceanus
965 700 1030 764 hirta
1047 704 1092 766 al-

408 780 471 844 ·luit
477 823 489 852 ,
500 780 579 844 illinc
591 780 695 843 claudit
706 780 919 874 Hellespontus,
930 780 1012 863 paulo
1024 801 1091 845 ante

407 859 543 931 domini,
566 862 617 922 'am
628 881 682 922 nott
692 860 727 922 de
738 860 851 942 gloria,
868 858 917 921 sed
930 859 964 922 de
978 858 1089 931 solute,

415 955 471 1011 et,
499 883 571 1019 quod
591 938 676 1001 saluti
699 939 885 1021 praeponitis,
907 938 941 999 de
962 936 1091 1002 libertate

412 1037 432 1099 p
470 1017 590 1080 nandum
609 1033 666 1081 est.
691 1017 749 1080 Hic
770 1017 831 1080 dies
852 1017 1014 1099 imperium,
1037 1038 1092 1097 quo

413 1116 451 1159 nu
463 1094 522 1160 lum
533 1095 650 1178 amplius
662 1095 734 1157 uidit
749 1116 836 1166 oetns,
854 1113 902 1157 out
917 1096 1089 1168 constituet,

414 1191 464 1237 aut
472 1173 571 1255 finiet.
590 1173 672 1256 Apud
686 1173 844 1237 Granicum
857 1175 972 1236 minima
986 1175 1087 1236 uirium

408 1271 492 1335 porte
501 1275 563 1316 oum
572 1252 651 1315 loste
663 1254 827 1316 certauimus
843 1281 855 1317 t
869 1253 899 1315 in
911 1252 1016 1315 Cilicia
1028 1253 1089 1314 rio·

414 1350 459 1393 tos
475 1330 557 1414 Syria
572 1349 682 1413 poterat
701 1332 827 1415 excipere
846 1359 857 1393 .·
875 1352 976 1413 magna
993 1330 1088 1392 muni-

408 1429 507 1474 ·menta
522 1410 602 1493 regni
618 1410 715 1492 Tigris
727 1429 808 1492 atque
822 1408 977 1491 Euphrates
996 1427 1088 1474 erant.

414 1487 533 1554 Ventum
549 1508 662 1560 atreo,
684 1489 755 1553 unde
769 1488 861 1572 pulsis
879 1511 914 1550 oe
924 1488 1004 1570 fuga
1021 1488 1088 1568 pui-

413 1567 476 1630 dem
498 1567 575 1630 iocus
595 1588 651 1634 ert.
678 1565 783 1632 Omnia
804 1586 861 1629 tarn
886 1567 992 1629 diutino
1013 1567 1087 1628 bello

413 1645 551 1710 exhausta
571 1664 636 1730 post
656 1664 766 1730 tergum
787 1664 852 1710 suut
871 1674 881 1708 .·
901 1668 956 1708 non
975 1645 1088 1709 incolat

411 1745 480 1788 suos
506 1725 588 1788 urles
600 1745 616 1800 ,⁴
646 1747 702 1791 nou
723 1725 841 1789 cultores
862 1725 962 1788 liabent
990 1743 1088 1791 terrae·

413 1802 555 1887 Coniuges
578 1825 682 1885 quoque
700 1823 729 1868 et
746 1803 833 1869 lideri'
847 1821 995 1882 sequuntur
1013 1804 1085 1866 lanc

413 1884 502 1948 aciem
523 1910 534 1944 .·
550 1901 654 1980 parata
675 1883 799 1946 hostibus
816 1883 935 1965 prada,
956 1883 1014 1945 nisi
1037 1903 1088 1963 pro

412 1962 574 2023 carissimis
590 1964 756 2045 pignoribus
779 1984 892 2043 corpora
914 1962 1087 2044 opponimus.

412 2036 498 2121 Quod
518 2061 637 2102 mearum
650 2041 712 2119 suit
728 2041 873 2123 partium;
898 2041 1052 2103 exercitum
1072 2083 1087 2112 ,

409 2139 489 2200 quem
498 2140 569 2200 pene
583 2120 718 2186 immensa
730 2121 866 2203 planities
882 2120 932 2182 rix
950 2138 1059 2201 caperet
1074 2159 1088 2191 ,

411 2198 566 2280 comparati
585 2226 596 2262 .·
614 2221 715 2280 equos,
738 2221 815 2261 arma
830 2197 962 2259 distribui
982 2224 992 2260 .·
1010 2220 1086 2259 som·

410 2296 547 2349 meatus,
572 2300 607 2340 ne
626 2296 712 2341 tanta
733 2277 903 2339 multitudini
927 2276 1086 2347 deessent,

408 2355 520 2440 providi
531 2384 541 2418 .·
553 2357 664 2428 iocum,
682 2359 711 2421 in
724 2379 773 2438 quo
784 2356 861 2423 aries
872 2354 1007 2437 explicari
1015 2376 1086 2437 pos·

410 2455 474 2504 set,
490 2434 576 2517 elegi.
590 2436 694 2499 Cetera
705 2438 735 2498 irr
745 2454 839 2500 uestra
847 2451 986 2517 potestate
996 2452 1084 2497 sonte

409 2514 508 2576 audete
520 2514 598 2575 modo
609 2515 722 2578 uincere
730 2514 929 2593 sfamnmque,
945 2511 1084 2589 infirmis·-

409 2592 509 2654 simum
518 2592 834 2670 aduersusfortesritos
846 2591 946 2663 telum,
959 2610 1081 2653 contem-

409 2672 480 2733 nite.
498 2670 652 2734 Temeritas
672 2692 735 2743 est,
756 2693 835 2752 quam
851 2670 939 2731 aditur
954 2692 1002 2762 pro
1018 2670 1081 2730 uir-

408 2768 467 2812 tute
491 2751 652 2813 timuistis:
671 2773 730 2832 pua
750 2751 796 2811 uli
813 2751 929 2832 primurn
951 2766 1082 2829 impeturn

409 2828 529 2910 effudit,
561 2829 637 2891 uelut
681 2829 788 2892 uadum
815 2827 948 2891 animalia
976 2826 1085 2887 amisso

407 2908 503 2997 aculeo
520 2926 616 2989 torpet.
656 2921 658 2927 '
677 2908 683 2920 '
699 2930 760 2971 uero
777 2907 865 2989 campi
881 2903 1081 2987 deprehendere

403 3004 598 3070 pueritatem,
621 3008 701 3074 quam
714 2986 825 3054 Cilicia
839 3003 944 3053 montes
960 2983 1085 3052 abscou-
