2625 4017
315 594 374 657 462
496 582 539 663 Q.
579 582 824 645 CURTII

316 685 394 745 edito
410 682 508 767 fugere
525 685 615 747 acrius
633 684 720 763 coepit
734 700 743 743 r
759 682 808 743 sed
825 680 1000 762 elephantus

315 781 452 842 quoque,
475 766 523 842 qui
542 764 631 824 multa
649 762 800 840 eirceperat
817 765 902 833 tela,
924 758 997 824 defi·

316 845 419 902 ciebat.
431 844 529 921 ltaque
541 844 609 903 sistit
620 843 738 924 fugam,
752 841 941 921 peditemque
953 864 998 903 se·

316 923 413 1000 quenti
431 919 507 984 hosti
524 922 640 1001 objecit.
662 923 726 989 Jam
739 922 910 983 Alexander
924 942 995 982 con·v

314 1020 426 1064 secutus
443 1019 525 1071 erat,
545 1018 575 1061 et
591 1001 744 1078 pertinacia
763 1000 831 1060 Pori
852 1004 997 1081 cognita,

315 1084 431 1144 vetabat
441 1079 633 1140 resistentibus
639 1079 729 1161 porci.
739 1078 817 1159 Ergo
828 1082 958 1159 undique
969 1097 997 1141 er

316 1160 348 1222 in
357 1160 480 1239 pedites,
492 1178 520 1221 et
530 1160 558 1219 in
569 1160 660 1238 ipsum
669 1160 774 1219 Porum
785 1161 843 1218 tela
855 1178 996 1241 congesta

314 1259 382 1304 eunt
391 1264 399 1302 ε
409 1241 507 1319 quibus
516 1240 629 1300 tandem
639 1254 770 1377 {ravanus
780 1239 837 1298 labi
848 1259 888 1299 ex
899 1241 995 1299 bellua

315 1321 417 1399 eoepin
427 1320 511 1380 indus
522 1320 569 1397 qui
581 1320 644 1397 elep
666 1335 763 1378 anrurn
776 1322 896 1399 regebat
911 1360 920 1388 ,
934 1320 997 1377 des·

314 1400 437 1460 tendere
449 1418 515 1459 eum
532 1419 628 1467 ratus,
652 1416 732 1456 more
744 1398 831 1457 solito
849 1398 995 1476 elephan-

315 1497 380 1539 tum
393 1475 568 1557 procumbere
586 1477 663 1553 jussit
676 1476 704 1535 in
714 1492 832 1555 genuo;
849 1479 903 1553 qui
918 1496 951 1538 ut
967 1495 995 1537 se

316 1558 468 1626 submisit,
488 1558 572 1617 ceteri
584 1576 716 1635 quoque,
731 1556 769 1615 ita
781 1553 861 1616 enim
874 1555 995 1619 instituti

317 1654 415 1706 erant,
431 1636 567 1698 demisere
584 1656 703 1715 corpora
714 1635 744 1694 in
760 1652 878 1697 terrum.
893 1636 935 1697 Ea
954 1655 996 1696 res

319 1733 349 1778 et
366 1716 494 1784 Porum,
517 1734 544 1776 et
563 1735 672 1777 ceteros
692 1715 847 1775 victoribus
868 1715 995 1775 tradidit.

317 1795 382 1857 Rex
395 1793 511 1875 spoliari
523 1814 618 1876 corpur
631 1787 716 1863 Pori,
735 1794 924 1855 interemtum
936 1812 995 1856 esse

316 1874 452 1942 eredens,
470 1873 568 1952 jussit,
582 1893 609 1935 et
621 1874 669 1952 qui
681 1872 859 1934 detraherem
870 1874 995 1936 loricam

317 1969 506 2029 restemque,
529 1954 719 2025 concurrdre3
740 1974 806 2013 cum
824 1954 925 2014 bellua
943 1954 997 2013 do·

317 2032 432 2093 minum
444 2033 532 2102 tueri,
545 2051 574 2093 et
583 2034 735 2111 spoliantes
746 2033 831 2110 coepit
842 2051 995 2111 appetere,

316 2112 501 2189 levatumque
520 2134 622 2191 corpus
640 2113 699 2190 ejus
717 2132 808 2173 rursus
834 2113 924 2173 dorso
943 2133 997 2173 suo

318 2194 479 2271 imponere.
500 2191 576 2273 Ergo
602 2194 665 2253 telis
689 2192 812 2270 undique
841 2193 996 2262 obruitur,

316 2272 508 2348 confossoque
524 2293 560 2331 eo
575 2272 605 2332 in
615 2270 780 2334 vehiculum
790 2271 882 2333 Porus
898 2271 997 2350 impo-

317 2352 406 2411 nitur.
420 2349 515 2427 Quem
523 2372 573 2411 rex
579 2369 610 2412 ut
617 2350 864 2412 viditallevantem
872 2355 998 2424 oculos;

317 2450 378 2491 non
404 2431 494 2499 odio,
518 2431 564 2491 sed
593 2431 775 2491 miseratione
802 2451 998 2500 commotus,

317 2530 379 2590 quor
397 2506 515 2577 maium,
532 2509 643 2588 inquit,
664 2508 786 2570 orrentia
797 2527 825 2570 re
839 2511 935 2591 coegit
950 2531 1000 2571 re·

316 2608 377 2651 rum
392 2608 512 2647 mearum
528 2609 558 2649 co
580 2588 640 2648 nito
647 2586 728 2665 fama
741 2617 759 2659 ‚>
771 2588 837 2650 delli
849 2587 999 2666 fortunam

319 2665 440 2755 experiri
453 2687 467 2738 ;
479 2687 539 2727 cum
552 2609 671 2730 'druides
683 2686 756 2729 esser
770 2668 800 2729 in
812 2667 926 2729 deditos
938 2669 996 2730 rie·

318 2764 429 2807 menrrae
438 2747 998 2829 rneaerampropiuquunrtibiestenrplum,³

316 2828 358 2886 At
380 2826 451 2893 ille,
479 2826 628 2903 quoniam,
650 2827 763 2905 inquit,
782 2828 966 2907 percontaris
988 2869 999 2898 ‚

316 2902 482 2985 respondebo
493 2925 525 2964 eo
536 2903 687 2975 libertate,
703 2927 782 2986 quom
794 2906 1000 2987 interrogando
1013 2937 1017 2943 ⁴

311 2980 424 3061 feristi.
440 2982 591 3047 Neminem
606 3005 649 3047 me
656 2984 1001 3064 fortiorem‘esrem-nse-¹
