2625 4017
422 565 611 634 LIBER
653 569 777 637 VIII.
876 587 935 648 435

264 663 378 728 natium
395 667 498 730 ducum
515 671 767 750 praefectorumque
784 668 856 748 apud
872 670 948 732 Ma·-

264 747 388 808 cedonas
399 749 462 811 fitit.
482 749 561 811 Hinc
577 749 700 813 habuere
715 750 819 830 posteri
830 769 909 831 reges
920 777 949 842 s
973 766 976 773 ·

265 847 389 904 quorum
407 828 484 905 stirpi
500 848 563 906 post
581 832 685 891 multas
702 846 795 891 aetates
809 829 945 894 Roman

244 970 248 977 ,
265 925 337 983 opes
361 906 536 970 ademerunt.
560 910 649 990 Igitur
670 909 844 970 Hermolaiis
865 925 937 985 puer

265 985 371 1045 nobilis
384 1006 421 1046 ex
436 987 512 1067 regia
523 987 665 1057 cohorte,
681 1010 748 1049 cum
759 1008 859 1065 aprum
874 985 936 1046 telo
1032 1043 1035 1050 .

266 1081 454 1143 occupasset,
471 1086 557 1144 quem
568 1088 617 1128 rex
627 1068 710 1129 ferire
724 1067 911 1129 destinaverat
923 1085 944 1138 a·

266 1143 342 1221 jussu
366 1143 425 1218 ejus
444 1146 606 1207 verberibus
627 1146 742 1208 affectus
760 1159 814 1208 est,
835 1144 937 1222 Quam

264 1222 456 1303 ignominiam
467 1245 539 1364 affine
550 1226 660 1298 ferens,
673 1225 776 1288 deflere
786 1225 859 1303 apud
869 1224 938 1285 Sos·
953 1297 959 1306 1

266 1318 372 1363 tratum
386 1305 483 1381 coepit.
518 1326 537 1365 x
547 1304 647 1366 eadem
662 1305 782 1366 cohorte
795 1321 857 1365 erat
867 1303 937 1364 Sos·

266 1398 354 1442 tratus
366 1404 465 1445 amore
478 1383 539 1461 ejus
548 1385 658 1448 ardens.
670 1383 731 1463 Qui
746 1405 813 1446 curn
828 1383 946 1444 lacera·'

266 1478 328 1521 tum
339 1481 439 1540 corpus
449 1504 460 1531 ,
472 1464 501 1523 in
513 1485 571 1541 quo
584 1464 748 1543 deperibat,
759 1464 939 1533 intueretur,

266 1540 382 1601 forsitan
395 1543 467 1602 olim
478 1545 516 1602 ob
525 1544 612 1603 aliam
624 1564 738 1623 quoque
751 1563 865 1603 causam
876 1541 945 1622 regi'

267 1620 382 1681 infestus
394 1643 404 1694 ;
419 1622 549 1697 juvenem
560 1645 608 1683 sua
619 1641 721 1700 sponte
733 1621 792 1700 jana
803 1640 946 1686 motum,

266 1699 331 1759 data
345 1699 399 1761 fide
410 1702 731 1780 acceptaqueperpulit,
741 1718 773 1761 ut
782 1696 945 1772 occidendi.

266 1798 366 1859 regern
381 1781 533 1841 consilium
544 1800 639 1842 secum
653 1780 747 1840 iniret.
761 1778 825 1840 Nec
836 1777 939 1855 puerili

266 1858 454 1935 imperarem
469 1861 580 1921 executi
595 1880 657 1921 sunt
673 1883 681 1920 ε
700 1859 804 1937 quippe
820 1859 945 1920 solerter

267 1938 417 2018 legerunt,
432 1961 503 2016 quos
512 1940 541 1998 in
551 1936 948 2001 societatemscelerisascia-5

265 2097 492 2235 giodorumque,
510 2118 539 2159 et
552 2098 686 2158 Philotan
699 2098 806 2177 placuit
820 2095 941 2162 assumi,

291 2197 323 2236 er
334 2174 386 2237 hos
396 2179 498 2255 adjecti
508 2196 571 2237 sunt
582 2177 728 2246 Anticles,
741 2175 913 2252 Elaptonius
921 2185 944 2244 ‚²

268 2253 946 2337 etEpimenes.Ceterumagendaereihaudsana

227 2347 235 2364 ’
266 2335 357 2395 facilis
366 2338 479 2413 patebat
488 2334 545 2396 via.
560 2333 644 2412 Opus
653 2352 715 2395 erat
725 2333 825 2394 ment
836 2351 938 2394 ornnes

267 2414 434 2492 conjuratos
449 2430 535 2474 nocte
552 2417 694 2474 excubare
703 2454 716 2483 ,
736 2431 773 2471 ne
784 2414 819 2471 ab
834 2429 939 2488 exper-

267 2494 341 2554 tibus
361 2493 474 2555 consilir
495 2493 700 2569 impedirentur
714 2513 724 2565 3
739 2491 818 2552 'forte
840 2508 938 2552 autem

267 2573 340 2632 alius
357 2574 412 2631 alia
428 2591 515 2632 nocte
529 2574 696 2633 excubabat.
712 2571 809 2647 Itaque
824 2567 854 2628 in
873 2567 952 2646 per·'

267 2036 386 2091 cerent;
407 2018 620 2089 Nicostratum,
637 2019 819 2097 Antipatrum
832 2018 942 2078 Ascle··
1036 2085 1046 2108 ἢ

266 2651 409 2711 mutandis
423 2651 577 2711 stationum
586 2650 711 2718 vitibus,
727 2668 878 2726 ceteroque
887 2667 941 2726 ap·
1030 2691 1033 2696 -
1052 2675 1068 2728 ‚-

266 2748 367 2810 paratu
376 2730 545 2807 exequenda
559 2729 620 2796 rei,
640 2731 754 2812 triginta
768 2746 798 2790 ct
811 2728 868 2789 duo
879 2727 939 2788 dies

267 2809 389 2871 absumti
405 2827 480 2872 sunt,
493 2809 601 2869 Aderat
615 2830 696 2878 nox,
717 2830 773 2886 qua
796 2803 947 2886 conjurati

267 2891 407 2950 excubare
419 2890 572 2957 debebant,
588 2907 688 2951 mutua
701 2888 757 2949 fide
766 2887 842 2961 Iati3
855 2885 947 2965 cujus·

266 2969 472 3035 documentum
493 2985 537 3034 tot
556 2968 614 3034 dies
633 2969 759 3034 fitetur.
777 2965 947 3030 Neminetn·

769 3064 843 3129 Nn
