2625 4017
332 1153 338 1170 l
396 1153 403 1167 Ι

347 527 452 655 Ιηςι
573 575 896 658 Q.CURT11

393 679 489 741 (acius
505 698 535 739 se
547 679 575 739 in
589 680 734 749 uenatione
749 680 913 761 ges.risset‚·
931 699 1009 743 more
1018 700 1077 762 pa·¹
1095 726 1097 729 -

393 761 464 827 trio,
473 777 500 819 et
511 758 544 818 ab
554 761 756 839 antiquissimis
765 759 944 821 Macedoniae
956 761 1073 841 regibus

393 857 540 920 usurpato,
550 860 609 898 eum
619 839 842 917 castigarijussi.
851 838 914 899 Hoc
924 859 953 899 er
962 858 1071 920 oportet

382 915 477 998 fieri,
500 935 527 978 et
544 935 574 976 ut
591 940 608 977 a
625 918 763 978 tutoribus
777 916 896 998 pupilli,
919 941 936 978 a
957 919 1071 980 maritis

393 1015 516 1067 uxores,
532 998 622 1057 seruis
639 1018 741 1075 auoque
756 1016 855 1075 pueros
871 995 955 1075 liujus
974 997 1070 1059 atatis

392 1076 537 1138 verberare
555 1074 739 1139 concedimus.
757 1075 827 1135 Herc
848 1096 890 1134 est
907 1077 1020 1137 saevitia
1038 1077 1068 1138 in

391 1170 403 1214 r
421 1175 481 1216 sum
491 1177 567 1226 mea,
584 1176 663 1234 quam
674 1154 759 1233 impia
769 1154 844 1215 eaede
854 1153 942 1214 uoluit
953 1155 1069 1220 ulcisci.

390 1174 470 1295 blan
489 1236 519 1295 in
538 1252 662 1304 ceteros,
685 1234 731 1311 qui
751 1233 818 1293 mibi
838 1235 1002 1313 permittunt
1025 1235 1067 1295 uti

342 1377 345 1381 ,
374 1339 376 1341 ’
391 1312 506 1393 ingenio
516 1335 593 1382 meo,
614 1332 692 1392 quam
706 1312 783 1372 mitis
794 1311 868 1382 sim,
884 1333 938 1373 non
952 1313 1067 1394 ignora·

391 1393 431 1451 tis
441 1412 455 1463 ;
471 1412 497 1452 et
508 1412 712 1452 commemorare
722 1412 917 1472 superuacuum
929 1413 983 1452 est.
995 1392 1067 1453 Her·

391 1470 480 1530 molao
493 1471 695 1551 parricidarum
710 1469 845 1550 supplicio
863 1492 917 1529 non
927 1472 1067 1551 probari,

392 1549 452 1610 ium
471 1550 565 1610 eadem
583 1551 807 1631 interseruerit,
824 1549 937 1609 minime
954 1549 1065 1612 hercule

333 1631 335 1636 ⁴
391 1628 525 1693 admiror.
547 1631 700 1691 Nemeum
720 1628 930 1688 Parmenionem
950 1652 977 1689 er
994 1629 1066 1690 Pbi·

390 1706 466 1769 lotan
480 1709 595 1779 laudat,
616 1731 674 1769 suae
688 1710 774 1768 seruis
787 1729 888 1768 causa.
907 1706 1067 1790 Lyncestem

361 1787 366 1799 ’
391 1809 455 1851 uero
470 1788 663 1850 Alexandrum
673 1788 716 1848 bis
729 1786 891 1848 insidiatum
905 1788 1064 1869 capiti-meo

390 1888 409 1927 a
422 1866 524 1926 duobus
536 1868 675 1927 indicibus
694 1866 808 1927 liberavi
822 1894 831 1927 .·
843 1887 941 1927 rursus
954 1867 1069 1928 conuic-

390 1960 465 2013 tum,
495 1967 525 2005 er
536 1946 673 2006 biennium
686 1965 774 2006 tamen
786 1944 882 2005 distuli
895 1973 904 2006 :
917 1946 1004 2007 donec
1015 1963 1066 2006 uos

385 1965 583 2104 postularetis,
596 2044 625 2084 ut
637 2026 745 2086 tandem
755 2024 846 2084 debito
854 2024 990 2105 supplicio
1002 2045 1066 2085 sce·

390 2101 435 2163 lus
449 2103 546 2166 lueret.
562 2104 705 2174 Attalum,
724 2122 867 2182 antequam
882 2116 933 2165 rex
950 2125 1064 2174 essem,

390 2180 496 2243 bostem
507 2205 564 2243 meo
577 2185 662 2264 capiri
666 2183 760 2259 fuisse
775 2184 953 2244 meministis.
968 2182 1064 2245 Clitus

390 2262 496 2324 utinam
512 2285 565 2323 non
576 2265 714 2343 coegisset
729 2284 770 2323 me
783 2261 837 2322 sibi
854 2263 952 2323 irasci
973 2262 1065 2342 Cujus

390 2344 566 2404 temerariam
583 2342 704 2423 linguam
720 2341 819 2422 probra
837 2341 974 2403 dicentem
991 2340 1078 2422 milis

389 2440 418 2480 et
436 2422 513 2483 uobis
532 2422 635 2482 diutius
655 2421 727 2490 ruli,
745 2443 822 2500 quam
840 2420 888 2481 ille
907 2420 1002 2483 eadem
1019 2439 1078 2481 me'

389 2498 526 2563 dicentem
550 2501 671 2563 tulisset.
693 2499 800 2580 Regum
827 2500 976 2580 ducumque
1000 2501 1063 2562 cle-

389 2582 514 2651 mentia,
534 2589 589 2651 non
602 2581 631 2659 in
642 2580 766 2661 ipsorum
782 2580 880 2649 modo,
903 2579 953 2640 sed
974 2579 1064 2640 etiam

387 2656 419 2717 in
436 2658 565 2731 illorum,
585 2659 630 2740 qui
640 2670 768 2740 'porenr,
788 2659 911 2737 ingeniis
928 2658 987 2718 sita
1005 2676 1064 2724 est.

390 2734 529 2830 Obsequio
544 2738 709 2832 mitigantur
720 2739 836 2820 imperia
848 2766 858 2798 .·
869 2738 914 2798 ubi
929 2758 994 2799 vero
1013 2752 1061 2800 re-¹

387 2833 514 2888 ¹verentia
534 2837 657 2881 excessit
674 2818 798 2887 animis,
823 2832 850 2878 e't
864 2838 971 2879 summa
993 2817 1063 2876 imis

388 2898 600 2974 confundimus,
620 2898 648 2973 ui
664 2918 729 2979 opus
742 2917 802 2968 est,
824 2916 853 2957 ur
866 2897 922 2957 uim
936 2895 1065 2985 repella·

388 2992 460 3040 mur.
474 2975 531 3039 Sed
541 2977 607 3060 quid
616 2980 666 3060 ¹ego
676 2976 761 3040 mirer
770 2978 854 3041 istum
865 2973 1065 3059 crudelitatem

994 3073 1069 3138 mibi
