2625 4017
418 568 610 636 LIBER
658 568 733 636 VI.
854 587 909 652 {rr

237 689 293 738 est.
305 670 443 735 Ceremm
452 672 645 753 interrogata,
667 692 731 733 nurn
742 668 847 751 aliquid
856 692 910 754 pe·

240 771 301 816 tere
312 750 395 813 vellet
408 777 418 811 .·
431 750 503 812 haud
515 752 652 812 dubitavit
662 751 765 821 fateri,
786 749 823 811 ad
833 771 912 816 corne

240 828 423 895 munirtndor
442 837 503 891 turn
519 849 585 909 rege
603 828 706 892 liberor
721 851 753 891 se
770 830 912 894 venisset

239 910 377 991 dignam,
394 929 430 971 en
444 930 497 988 qua
505 908 565 991 ipse
578 909 658 989 regni
672 926 818 991 generaret
833 907 914 969 here-

239 989 305 1052 des.
320 988 459 1050 Feminint'
470 1008 556 1049 sexus
567 1007 599 1048 se
610 1006 801 1060 retenturam
811 1005 915 1050 marem

240 1066 412 1131 reddituram
426 1066 511 1143 parri.
520 1066 707 1139 Alexander,
727 1088 763 1128 an
777 1087 837 1128 cum
853 1065 918 1147 ipse

242 1144 602 1210 militarerellet3interro
640 1147 916 1218 reetillacauram
946 1200 953 1210 .

243 1226 307 1288 rine
316 1223 428 1287 custode
438 1244 553 1306 regnum
563 1244 592 1285 re
604 1225 730 1305 tquisre,·
745 1244 840 1305 petere

242 1308 452 1374 sererabat,ne
460 1304 605 1364 seirrt'ratn
614 1304 675 1385 spei
679 1322 843 1386 pateretura
861 1304 918 1367 ire.

243 1386 350 1447 Acrior
366 1384 401 1444 ad
413 1385 559 1446 Venerem
576 1384 692 1445 feminae
706 1384 811 1464 cupido
827 1401 916 1463 quam
1016 1401 1020 1410 '

241 1465 338 1546 regie,
357 1479 505 1541 utpaucor
514 1464 574 1533 dies
584 1464 761 1531 subsisteret,
772 1464 918 1543 perpulit

242 1561 310 1605 xtra
328 1544 387 1610 dier
403 1542 433 1603 in
453 1542 621 1621 obsequium
637 1543 767 1610 desiderii
784 1543 844 1619 eiua
860 1545 915 1606 ab·

241 1623 328 1685 sumti
344 1639 420 1686 tunt.
430 1622 513 1683 -Tum
531 1622 582 1682 illa
600 1641 722 1706 regnum
737 1625 843 1697 auum
864 1627 918 1692 rex

240 1700 411 1765 Parthienen
424 1700 596 1779 petiverunt.
855 1759 870 1782 .,
904 1763 907 1768 ,

283 1779 375 1843 Car.
394 1781 456 1844 VI.
474 1780 533 1841 Hic
550 1801 624 1841 vero
636 1779 733 1861 palam
752 1778 920 1857 cupiditates

236 1875 307 1923 'auae
316 1862 421 1933 solvit3
434 1860 695 1938 continentiamque
705 1878 734 1921 et
743 1857 919 1919 moderatio*-

241 1958 313 2001 nem
326 1981 337 2008 ‚
355 1940 385 2001 in
396 1938 530 2000 altissima
541 1961 651 2018 quaque
661 1940 774 2001 fortuna
786 1939 917 2000 eminen-

240 2020 281 2080 tia
293 2022 389 2089 bona,
404 2019 434 2079 in
445 2021 603 2097 superbiam
615 2042 650 2081 ac
662 2021 809 2081 lasciviam
819 2018 922 2081 vertit·

235 2098 355 2160 ‘Patrios
371 2119 466 2159 mores
476 2098 709 2177 disciplinamque
721 2098 917 2167 Macedonum

237 2198 344 2259 regum
359 2178 508 2239 salubriter
523 2195 730 2257 temperatam,
750 2196 779 2238 et
799 2177 918 2248 civilem

241 2257 396 2326 habitum,
421 2257 500 2318 velut
520 2258 630 2319 leviora
651 2254 919 2337 magnitudinem

241 2337 369 2409 ducens;
387 2335 504 2396 Persica
521 2337 623 2418 regi'ae',
643 2357 695 2414 pat
708 2338 840 2397 Deorum
857 2355 915 2414 po*
986 2346 989 2354 '

242 2418 338 2478 tentiae
353 2416 416 2475 fasti
440 2415 498 2479 'um
511 2417 705 2477 aemuiabatur.
720 2415 820 2482 Jaccrc
836 2412 921 2480 humi

239 2497 403 2559 venerabun
424 2516 456 2555 os
465 2495 523 2572 pati
536 2494 623 2573 coepit
634 2518 643 2555 e
656 2494 849 2572 paulatimque
860 2511 919 2554 ser-

240 2575 347 2637 vilibus
355 2573 517 2635 ministeriis
527 2591 572 2634 tot
583 2574 706 2635 victores
717 2572 846 2656 gentium
857 2572 916 2632 im*-

238 2657 350 2729 buere3
371 2670 401 2715 et
415 2653 533 2731 captivis
549 2673 630 2731 pares
646 2653 741 2714 facere
756 2653 924 2730 expetebat·

238 2733 342 2810 itaque
350 2751 523 2811 purpureum
532 2732 660 2800 diadema
668 2733 830 2798 distinctum
838 2731 922 2801 elbo',

242 2813 327 2891 quale
335 2811 601 2888 Dariurhabue'rat‚
616 2812 703 2889 capiti
714 2808 922 2880 circumdedit,

241 2890 690 2969 vestemquel'ersicamsurnsit3
711 2888 921 2966 neomenqui-
1017 2950 1021 2962 ,

240 2970 310 3033 dem
325 2970 451 3041 verim,
469 2968 582 3049 quode.
589 2970 707 3034 victoris
715 2968 874 3054 irnigmiue
886 2966 917 3030 iu
