2625 4017
409 663 412 668 ,
481 577 671 654 MBER
703 563 836 655 *VIIL
934 613 990 675 443

321 708 437 759 montes
447 692 644 774 confugerant.
653 690 731 773 Ergo
742 690 868 752 Acadera
879 692 997 762 transit,

324 794 402 851 atque
424 792 484 834 usta
511 792 540 833 et
559 772 687 833 destituta
708 770 897 832 incolentium
917 772 998 853 fuga.

324 854 424 930 itaque
444 851 585 913 rationem
605 851 674 912 belli
695 851 845 912 necessitas
864 854 998 914 mutavit.

324 931 432 995 Divisis
456 933 533 993 enim
559 932 648 1010 copiis
671 932 796 1009 pluribus
818 932 902 991 simul
924 931 997 991 locis

325 1012 554 1083 armaostendi13
569 1012 768 1091 oppressique,
785 1030 812 1070 et
823 1010 998 1089 qnierrspec·

324 1108 453 1153 tauerant
475 1090 608 1164 hostem,
632 1092 713 1151 omni
737 1090 817 1152 clade
842 1087 997 1168 perdomiti

326 1186 402 1233 sunt.
415 1170 584 1232 Ptolemaeus
594 1170 730 1248 plurimas
741 1172 843 1244 urbes3
862 1170 994 1230 Alexan-

327 1249 377 1310 der
386 1248 526 1309 maximas
536 1252 627 1330 cepit:
642 1270 807 1327 rursusque,
825 1272 894 1327 quas
904 1247 997 1309 distri·

326 1332 450 1400 buerat,
472 1327 569 1407 copias
596 1329 700 1404 junxit.
728 1328 866 1405 Superato
895 1326 996 1390 deinde

326 1408 460 1492 Choaspe
478 1428 562 1467 amne
579 1406 693 1469 Coenon
707 1407 738 1467 in
755 1408 904 1469 obsidione
921 1406 998 1468 urbis

309 1491 467 1569 ,opulente
481 1529 492 1557 ,
513 1487 644 1548 Beziram
659 1488 763 1547 incolae
778 1505 904 1557 vocant,
924 1486 996 1547 reli·

325 1570 398 1647 quit.
413 1570 475 1647 lpse
490 1566 525 1626 ad
541 1568 677 1646 Mazagas
689 1568 779 1627 venit.
795 1566 898 1645 Nuper
909 1566 998 1628 Assa·

324 1669 421 1717 cano,
443 1646 523 1718 eujus
545 1665 666 1726 regnum
682 1645 795 1713 fuerat,
819 1646 997 1718 demortu03

324 1728 437 1809 regioni
456 1726 573 1802 urbique
590 1742 706 1803 praeerat
722 1741 812 1784 mater
830 1724 889 1801 ejus
907 1723 998 1783 Cleo·

323 1807 405 1887 phes.
436 1805 568 1885 Triginta
588 1802 680 1865 millia
700 1805 827 1881 peditum
848 1806 998 1864 tuebantur

324 1891 447 1956 urbem,
467 1906 526 1944 non
543 1886 597 1947 situ
610 1883 726 1953 solum,
744 1882 891 1944 sedetiam
911 1902 997 1961 opere

312 1966 477 2028 munitam.
502 1965 582 2025 Nam
605 1986 660 2043 qua
682 1982 788 2042 spectat
811 1962 997 2033 Orientem,

324 2043 999 2127 cingituramnetorrenti,quipraeruprisutrim·

323 2146 379 2200 que
398 2126 465 2202 ripis
486 2124 593 2185 aditum
616 2124 651 2183 ad
672 2126 772 2183 urbem
792 2122 921 2200 impedit.
951 2120 998 2182 Ad

324 2204 536 2272 Occidentem,
556 2220 611 2263 eta
624 2202 744 2262 Meridie
760 2204 839 2263 velut
849 2202 883 2262 de
900 2200 998 2261 indus·

324 2284 378 2342 tria
399 2300 482 2359 rupes
501 2282 628 2358 praealras
648 2283 787 2342 admolita
805 2299 903 2341 natura
925 2294 997 2349 est,

323 2361 398 2421 infra
408 2382 476 2438 quas
492 2380 617 2420 cavernae
634 2377 663 2420 et
679 2362 830 2441 voragines
844 2362 932 2441 longa
946 2380 1000 2419 ve·

324 2457 427 2503 tustate
441 2439 471 2499 in
482 2440 570 2499 altum
581 2457 686 2500 cavatae
697 2441 808 2519 jacent:
820 2461 931 2517 quaque
945 2440 998 2499 de-

323 2520 444 2589 sinunt,
468 2518 541 2579 fossa
560 2519 682 2597 ingentis
699 2519 792 2596 operis
811 2519 923 2597 objecta
942 2537 998 2581 est.

323 2619 431 2663 xxxv
442 2597 527 2657 stadia
546 2618 643 2657 murus
656 2599 757 2657 urbem
773 2600 996 2675 complectitur,

323 2678 405 2757 cujus
415 2676 549 2737 inferiora
560 2698 648 2743 saxo,
661 2678 802 2753 superiora
813 2677 899 2737 crudo
909 2678 999 2739 latere

322 2775 388 2820 sunt
398 2773 512 2817 structa.
529 2754 624 2816 Lateri
636 2755 784 2817 vinculum
794 2756 899 2833 lapides
911 2774 974 2817 sunt
986 2794 999 2825 ,

322 2859 394 2916 quos
406 2838 618 2914 interposuere,
634 2853 666 2896 ut
682 2834 787 2895 duriori
802 2835 926 2894 materiae
938 2836 998 2894 fra·

319 2918 387 3066 gilis
404 2918 605 2986 incumberet,
625 2912 766 2992 simulque
786 2932 857 2973 terra
874 2911 996 2975 humore

339 2995 420 3064 iluta.
431 2996 479 3061 Ne
492 3014 589 3061 tamen
598 2994 729 3063 universa
740 2993 897 3059 consideret
909 3035 921 3065 ,
935 2992 996 3062 imi,
