2625 4017
367 556 430 625 ²404
550 544 594 627 Q.
635 543 877 609 CUR'TII

368 648 498 711 tentione
516 664 678 727 provectus.
694 648 741 707 Ad
757 648 916 716 ultimum,
938 645 967 706 si
984 667 1050 709 mo·

366 726 516 795 ciendam,
536 728 651 805 inquit,
674 745 717 787 est
734 746 784 805 pro
804 744 861 797 te;
885 724 979 787 Clitus
1002 747 1050 789 est

363 808 471 889 primur
488 833 499 866 :
517 824 547 866 at
563 828 624 866 cum
643 806 769 867 victoria
787 804 933 866 arbitrium
949 806 1018 885 agis
1035 850 1050 878 ,

364 887 533 967 praecipuum
538 884 636 961 serunt
648 886 789 965 pratariam
803 928 814 954 ,
837 884 884 963 qui
894 886 1062 966 procacia»

368 966 440 1025 sime
453 963 603 1046 patrissui
618 964 755 1025 memoria
771 961 900 1024 illudunt.
918 961 1061 1044 Sogdia·

370 1066 435 1105 nam
448 1043 590 1123 regionem
602 1042 670 1103 milti
685 1042 835 1111 attribuis,
853 1042 937 1104 toties
951 1042 1049 1105 rebel·

368 1122 444 1194 lem,
463 1142 490 1183 et
500 1144 554 1184 non
572 1122 649 1183 modo
665 1121 847 1191 indomitam,
868 1120 918 1182 sed
929 1143 993 1199 qua
1009 1144 1050 1185 rte

369 1202 464 1283 subigi
472 1202 579 1291 quidem
584 1200 686 1282 possit.
694 1200 797 1261 Mittor
803 1198 926 1275 adferas
935 1199 1050 1263 bestias

366 1280 526 1365 precipitia
538 1280 653 1360 ingenia
668 1280 795 1341 sortitas.
811 1276 866 1339 Sed
882 1300 942 1358 quoe
952 1278 991 1341 ad
1002 1302 1050 1341 me

366 1362 507 1443 pertinent
517 1379 641 1422 transeo.
657 1357 783 1439 Philippi
795 1357 898 1419 milites
909 1360 1045 1439 spernis,

371 1439 494 1510 oblitus,
516 1438 573 1500 nisi
594 1437 639 1498 bic
658 1436 794 1499 Atlarias
815 1458 901 1498 senex
917 1437 1050 1515 juniores

367 1539 489 1600 pugnam
499 1518 685 1583 detrectantes
697 1530 875 1586 revocasset,
892 1515 980 1576 adbuc
993 1538 1050 1579 nas

369 1598 449 1660 circa
460 1596 697 1660 Halicarnassum
710 1595 831 1659 basuros
839 1594 948 1672 foisse.
961 1592 1047 1675 Quo-

367 1676 449 1739 modo
461 1699 527 1759 ergo
534 1676 635 1737 Asiam
649 1676 803 1736 etiamtum
813 1674 1049 1754 istisjuniaribus

367 1755 541 1835 subjecisti?
566 1754 670 1824 Verum
691 1773 757 1825 est,
784 1770 815 1813 at
834 1754 950 1835 opinor,
972 1754 1058 1835 quod·

368 1834 532 1897 avunculum
550 1853 625 1895 tuum
635 1834 666 1894 ia
678 1832 763 1898 ltalia
780 1831 890 1894 dixisse
908 1852 1046 1907 constat,

368 1915 382 1975 i
401 1935 461 1974 sum
484 1914 513 1973 its
530 1912 607 1974 viros
628 1914 786 1982 incidisse,
810 1928 838 1972 te
859 1911 890 1972 in
903 1910 1057 1988 feminas.-

403 1994 456 2053 ihil
480 2014 517 2054 ex
542 1994 674 2056 omnibus
695 1993 854 2055 inconsulte
875 2014 910 2053 ac
932 2009 1048 2055 temese

368 2074 451 2153 jactis
467 2093 565 2156 regem
583 2075 675 2154 magis
693 2089 845 2141 moverat„
866 2093 953 2149 quam
970 2072 1047 2133 Par·

367 2154 512 2213 menionis
527 2174 595 2213 cum
611 2152 723 2214 honore
739 2152 851 2213 menno
868 2152 959 2213 illata.
972 2152 1048 2212 Do·

367 2233 463 2295 iorem
473 2253 569 2293 tamen
578 2252 629 2293 ren
639 2232 754 2311 pressit,
769 2248 918 2292 contentus
930 2231 1058 2311 jussisse:

368 2329 400 2372 ut
412 2312 538 2373 convivio
552 2310 710 2373 excederet.
722 2311 786 2371 Nec
797 2311 948 2389 quidquam
965 2310 1049 2371 aliud

364 2392 492 2471 adjecit,
510 2412 595 2469 quam
601 2388 728 2465 forsitan
741 2410 820 2459 eum,
842 2390 868 2449 si
883 2388 988 2449 diutius
1000 2388 1051 2452 lo·

365 2470 542 2546 curassent,
554 2468 778 2548 exprobraturum
787 2467 1057 2544 sibifaistevitam·

365 2571 385 2610 a
396 2550 543 2630 semetipso
555 2546 647 2608 datam
660 2569 673 2620 5
693 2546 742 2609 boc
756 2547 828 2607 enim
839 2546 953 2628 superbe
965 2568 1045 2627 saepe

360 2631 497 2709 jactasse.
524 2629 619 2704 Atque
639 2629 724 2689 illum
743 2645 924 2689 cunctantem
946 2625 1054 2688 adhuc·

364 2729 495 2789 surgere,
509 2706 556 2785 qui
568 2709 693 2783 proximi
703 2707 729 2768 ei
739 2710 912 2775 cubuerant,
926 2706 1053 2785 injectis.

362 2789 491 2862 manibus
511 2788 651 2866 jurgantes
669 2803 874 2862 monentesque
887 2788 1044 2844 conaban-

358 2885 406 2930 tur
417 2869 566 2927 abducere.
577 2865 671 2925 Clitus
682 2887 749 2926 cum
761 2864 987 2933 abstraheretur,
1001 2864 1051 2933 ad2

357 2945 506 3026 pristinam
523 2944 695 3022 videntium
711 2946 753 3011 ira
770 2963 885 3025 quoque
901 2942 1012 3025 adjecta
1026 2981 1053 3025 ,-
