2625 4017
316 567 379 652 &4⁵74
501 570 545 653 Q.
585 569 835 635 CURTII

317 694 418 761 perque
431 690 458 736 et
469 693 530 734 mea
544 672 573 733 in
589 693 660 742 uos,
681 670 753 732 etin
770 692 816 732 me
830 688 936 737 nestra
952 695 1007 738 mt-

319 757 400 825 rita,
431 753 528 835 quibus
554 752 655 812 invicti
683 750 912 823 contendimus,
940 777 1005 827 oro,

319 854 486 915 quasoque,
508 853 542 892 ne
561 830 738 891 humanarum
757 851 852 891 rerum
871 835 1006 895 terminos

321 913 467 975 adeuntem
490 912 627 971 alumnum
648 908 923 991 commilitonemque
942 935 1004 975 oes-

321 1012 414 1063 trum,
435 1012 470 1051 ne
486 990 577 1050 dicam
593 1010 708 1069 regem,
729 987 885 1054 deseratis.
905 990 1004 1053 Cetera

321 1072 401 1133 nobis
416 1070 551 1151 imperavi
563 1091 577 1141 ;
598 1067 647 1128 hor
663 1089 744 1128 unum
763 1066 917 1131 debiturus
934 1091 1003 1135 sum.

320 1148 362 1212 Et
374 1150 399 1210 is
410 1172 459 1211 aas
470 1170 552 1229 rogo,
567 1147 612 1227 qui
623 1146 697 1207 nilril
705 1167 824 1227 unquam
837 1148 923 1209 uobis
932 1171 1003 1231 pra-

322 1230 383 1310 ceqi
397 1272 408 1300 ,
430 1229 495 1308 quin
510 1230 616 1307 primus
629 1247 672 1287 me
683 1224 818 1307 periculis
832 1226 999 1289 obtulerim.-

321 1309 368 1389 qui
386 1330 460 1387 sape
477 1307 564 1368 aciem
579 1305 669 1386 clypeo
687 1305 818 1365 meoteoti
833 1327 893 1366 :ne
914 1307 1002 1383 infre-

319 1387 421 1469 g'eritis
435 1387 465 1445 in
479 1385 604 1446 manibus
619 1386 690 1445 meis
702 1382 844 1465 palmam,
861 1406 919 1463 qua
933 1387 1004 1447 Her·

321 1464 409 1528 culem
427 1462 611 1543 Liberumque
623 1482 750 1545 patrem,
771 1464 797 1523 si
817 1464 935 1525 inuidia
952 1466 1000 1527 al·

314 1541 431 1624 suerit,
456 1543 577 1623 aequabo.
595 1544 671 1604 Duce
689 1541 739 1603 loc
754 1541 887 1623 precibus
910 1546 1003 1617 meis,

321 1643 350 1685 et
372 1622 482 1685 tandem
504 1622 671 1683 obstinatum
691 1621 834 1682 silentium
857 1642 936 1684 erum
955 1626 1003 1687 itt.

321 1697 380 1783 Ubi
389 1724 432 1772 est
441 1702 490 1763 ille
499 1702 599 1763 clamor
609 1701 766 1761 alacritatis
776 1719 878 1762 nestra
887 1704 919 1763 in
943 1706 1002 1765 exi

322 1783 368 1843 uli
388 1781 437 1842 ille
461 1802 578 1842 meorum
596 1779 783 1841 Macedonum
798 1779 926 1843 nultus?
949 1804 1002 1843 non

319 1882 442 1941 agnosco
459 1882 529 1929 uos,
545 1860 675 1931 milites;
697 1881 748 1920 nec
764 1860 882 1939 agnosci
904 1860 1002 1922 uideor

319 1961 339 1999 a
360 1939 449 2002 nobis.
473 1936 582 1999 Surdas
599 1938 760 2019 jamdudum
785 1959 868 1999 aures
890 1942 1001 2019 pulso:

318 2039 433 2084 auersos
444 2018 550 2078 animos
568 2038 595 2079 et
609 2017 744 2093 infractos
759 2016 887 2077 excitare
905 2040 1003 2083 conor.

319 2098 454 2177 Cumque
473 2099 515 2158 illi
533 2100 565 2158 in'
585 2117 689 2159 terram
711 2098 837 2157 demissis
858 2100 1001 2177 capitibus

319 2197 652 2256 cacereperseveraren13
666 2175 773 2238 Nescio
786 2175 871 2254 quid,
882 2179 1000 2257 inquit,

317 2256 475 2338 imprudens
492 2257 522 2317 in
538 2278 588 2318 uos
603 2255 729 2335 deliqui,
751 2253 820 2335 quod
837 2275 881 2316 me
897 2278 935 2318 ne
951 2257 998 2318 in·

274 2364 279 2368 ·
317 2338 388 2402 tueri
403 2336 511 2416 quidem
526 2334 612 2396 uultis
626 2344 640 2396 !
654 2335 685 2395 in
701 2332 853 2396 solitudine
864 2335 936 2396 milri
955 2336 1001 2397 ui·

317 2414 384 2477 deor
405 2436 478 2477 esse.
498 2414 590 2476 Nemo
610 2412 754 2495 respondet
765 2434 877 2488 ;¹ncmo
894 2415 998 2477 saltem

317 2513 413 2575 negat.
431 2492 511 2573 Quos
521 2493 670 2575 alloquor?
684 2492 750 2571 quid
760 2510 850 2553 autem
856 2494 1000 2574 postulo?

317 2594 437 2648 uestram
449 2573 568 2654 glorium
585 2596 611 2633 er
628 2572 844 2651 magnitudinem
861 2573 998 2634 vindica·

317 2672 389 2728 ntus.
403 2651 460 2715 Uli
471 2652 610 2723 mucidi,
628 2672 738 2730 quorum
754 2670 896 2712 certarnen
909 2652 999 2743 paulo

315 2749 382 2794 ante
403 2731 462 2792 vidi
484 2731 728 2799 contendentium,
749 2731 795 2809 qui
812 2730 1000 2811 potissimum

315 2809 453 2873 vulnerati
463 2811 539 2891 regis
550 2832 645 2891 corpus
657 2810 839 2949 excq'qerent?
849 2807 1000 2885 desertus,

315 2888 465 2952 destitutus
478 2911 556 2962 sum,
572 2886 698 2951 nostibus
730 2888 832 2953 editus.
844 2886 905 2950 Sed
915 2891 1001 2952 solus

314 2988 416 3050 quoque
430 2970 471 3032 irc
482 2968 677 3053 perseverabo.
694 2966 817 3050 Obq'itite
832 2988 875 3029 me
883 2969 1000 3053 flumlt
