2625 4017
489 751 711 823 nosen
758 751 808 822 rc·-
933 763 994 838 ’,ις

322 849 476 923 melmun
486 856 598 939 defuga
608 853 754 928 resumet
764 857 922 938 ubicumque
932 879 996 931 ero,

323 958 453 1021 expetam
465 958 585 1020 pennu
606 938 679 1009 los,
701 957 761 999 cum
779 936 875 1016 quibus
891 957 932 997 me
947 958 994 997 re·

322 1017 477 1097 linquiris,
503 1015 615 1077 colendo
628 1059 639 1087 ,
663 1014 884 1098 praeferendoque
897 1015 997 1080 uobis·

320 1098 392 1162 clam
413 1114 504 1157 autem
521 1095 640 1165 scietis,
661 1113 688 1155 et
704 1115 832 1174 quantum
854 1093 916 1154 sine
931 1114 997 1184 rege

322 1175 418 1239 volem
428 1173 584 1243 exercitus,
598 1192 626 1234 et
632 1173 700 1311 guid
713 1173 771 1253 opis
783 1172 813 1232 in
823 1192 866 1233 me
878 1194 930 1232 uno
940 1191 995 1235 stt.

320 1255 451 1316 Desiluit
460 1253 558 1314 deinde
569 1254 630 1314 fren
650 1254 743 1314 ensde
757 1254 908 1321 tribunali,
927 1253 997 1313 etin

323 1334 453 1395 medium
474 1349 648 1393 atntatorum
672 1351 776 1413 agmen
800 1350 829 1392 se
851 1331 997 1404 imnusit3

321 1431 440 1473 notatos
454 1432 588 1489 quoque,
611 1411 660 1487 qui
675 1412 848 1471 ferocissime
866 1411 997 1471 oblocuti

324 1508 429 1560 etant,
446 1492 572 1571 singulos
583 1510 669 1551 manu
679 1490 815 1567 corripuit
826 1512 835 1549 t
848 1510 900 1549 nec
912 1510 997 1551 ausos

320 1590 500 1651 repugnate,
519 1570 661 1629 tredecim
677 1570 857 1632 asservandus
874 1569 998 1631 custodi·

322 1651 376 1709 bus
387 1649 514 1727 corporis
525 1648 646 1711 tradidit.

316 1762 320 1802 ς
363 1726 441 1788 Ceu.
464 1729 517 1787 ΙΙΙ.
545 1727 620 1805 Quis
638 1727 766 1788 crederer
783 1747 886 1788 saevam
906 1726 996 1801 paulo

317 1826 391 1869 ¹unte
405 1807 576 1867 concionem
594 1807 768 1884 obtorpuisse
785 1807 877 1865 subito
892 1824 995 1875 metu,

316 1904 437 1964 etcum
459 1886 493 1945 ad
516 1885 686 1963 supplicium
707 1885 814 1946 videret
833 1882 905 1943 trahi
922 1883 996 1943 nihil

321 1986 409 2027 ausos
424 1965 554 2045 graviora
564 1984 650 2041 quant
663 1981 770 2024 ceteros
782 1968 796 2037 ζ
806 1982 864 2021 tam
877 1960 994 2023 effusum

320 2061 406 2104 antea
416 2045 583 2113 licentiam,
599 2060 682 2119 atque
694 2043 854 2102 seditiosam
868 2042 994 2101 militum

313 2124 490 2186 ·violentiam
502 2123 539 2181 ita
553 2142 764 2199 compressam,
786 2138 816 2180 ut
833 2141 891 2180 non
902 2121 994 2181 modo

320 2203 416 2263 nullus
429 2220 465 2262 ex
482 2202 614 2261 omnibus
627 2202 743 2261 irruenti
762 2199 821 2279 tegi
840 2200 994 2272 restiterit3

314 2280 527 2344 'verumetiam
544 2282 638 2342 cuncti
657 2299 764 2358 pavore
783 2278 936 2339 exanimati
948 2298 995 2339 ut·

319 2360 420 2421 tonitis
439 2359 565 2427 similes,
589 2359 654 2435 quid
674 2357 791 2435 deipsis
811 2377 923 2434 quoque
942 2377 994 2417 tex

314 2440 499 2501 'statuendum
516 2456 666 2506 censeret,
687 2456 816 2513 suspensa
828 2455 923 2496 mente
939 2456 994 2496 ex·

322 2535 492 2596 spectarent.
514 2518 529 2587 )
548 2519 646 2594 Itaque
666 2517 724 2578 sive
747 2514 892 2584 nominis,
916 2515 1000 2591 quotl'

319 2610 441 2679 gentes,
462 2617 522 2672 quae
536 2600 586 2657 sub
600 2597 710 2677 tegibus
721 2612 805 2663 sunt,
824 2595 898 2652 inter
912 2594 994 2654 Deos

314 2676 440 2750 colunt3
454 2678 513 2737 sive
523 2676 636 2754 proptia
651 2675 736 2751 ipsius
748 2673 913 2744 veneratio;
932 2674 993 2734 sive

318 2755 424 2817 fiducia
437 2754 555 2817 tantari
574 2752 732 2814 exercentis
746 2752 899 2828 imperium
918 2771 994 2812 coru

318 2835 419 2896 terruit
436 2853 510 2896 eote
529 2833 672 2914 singulare
687 2848 764 2891 cette
780 2829 925 2892 ediderunt
937 2850 992 2907 pm

312 2914 425 2974 'tientiae
436 2914 625 2990 exemplum
648 2912 776 2987 adeoque
793 2929 852 2969 non
862 2927 926 2978 sunt
942 2930 994 2970 ac·

313 2992 399 3055 censi
418 2993 556 3070 supplicio
572 2991 833 3058 commilitonum,
857 3009 923 3049 cum
938 2989 992 3049 sub

312 3088 437 3134 noctem
455 3071 617 3131 interlectos
633 3089 693 3130 esse
712 3086 852 3136 nossent,
871 3083 902 3126 ut
918 3065 992 3128 nihil

318 3150 488 3219 omiserint,
513 3151 588 3226 quod
604 3149 707 3228 singuli
722 3146 813 3227 magis
829 3146 993 3207 obedienter

315 3230 408 3309 aspie
422 3229 559 3299 facerent.
570 3228 600 3294 N
602 3250 650 3309 um
662 3248 727 3296 cum
737 3243 852 3309 postero
865 3224 909 3290 dic
922 3245 993 3306 pro:
