2625 4017
400 590 461 655 '¹52
580 575 624 658 Q·
665 576 904 638 CURTll

398 677 465 739 Nec
476 676 505 737 id
516 676 706 738 miserrimum
717 676 836 736 fortibus
847 676 913 737 viris
925 690 985 740 erat
996 696 1006 749 3
1022 673 1074 739 sed

405 757 475 818 ¹uod
492 756 577 817 inulti
595 757 720 816 ferarum
739 755 795 815 ritu
806 797 829 823 ,.
843 755 921 817 velut
936 754 969 815 'in
986 752 1073 818 fovea

417 827 565 913 eprehensi
577 831 758 897 cederentur.
771 830 816 894 Ita
826 830 913 917 igitur
924 833 954 908 in
964 833 1074 896 rabiein
1090 889 1093 901 ‚

397 936 502 986 versa,
525 907 682 984 eminentia
703 931 771 973 saxa
792 913 961 989 complexi,
983 930 1015 973 ut
1037 914 1074 975 ad

397 988 511 1055 bostem
524 993 710 1071 perveniant,
726 992 798 1053 alius
814 994 904 1053 aliurn
920 992 1047 1053 levantes
1066 1034 1077 1065 ,

396 1074 574 1148 conabantur
591 1071 741 1133 ascendere
759 1094 767 1131 t
783 1089 818 1130 ea
839 1071 897 1148 ipsa
912 1071 1074 1135 multorum

397 1152 486 1214 simul
507 1149 638 1212 manibus
658 1167 788 1228 correpta
810 1167 838 1211 et
859 1151 1019 1220 convulsa,
1042 1152 1073 1213 in

398 1250 450 1296 eos
461 1273 472 1300 ,
491 1230 540 1310 qui
558 1227 797 1299 commoverant,
819 1229 989 1290 recidebant.
1009 1221 1075 1293 Nec

398 1328 472 1376 stare
484 1331 554 1391 ergo
566 1348 576 1378 ,
589 1330 642 1370 nec
654 1308 707 1369 niti
719 1349 728 1379 ‚
743 1329 797 1370 nec
808 1309 945 1370 testudine
956 1309 1074 1387 quidem

398 1388 512 1470 protegi
524 1405 677 1465 poterant,
698 1405 764 1467 curn
782 1405 866 1448 rantae
878 1387 963 1448 molis
983 1392 1074 1451 onera

419 1467 592 1545 repellerent
618 1468 739 1527 barbari.
767 1467 879 1548 Regem
904 1485 963 1527 non
988 1467 1075 1529 dolor

397 1490 509 1616 bodo,
527 1542 576 1607 sed
589 1545 677 1608 etiarn
688 1544 779 1623 pudor
789 1562 895 1606 temere
906 1544 936 1607 in
948 1547 1012 1607 illas
1022 1568 1075 1609 an·

397 1626 504 1709 gustias
516 1624 641 1705 conjecti
653 1625 793 1687 exercitus
805 1628 937 1706 angebat·
947 1619 1073 1688 lnvictur

397 1706 433 1768 ad
451 1727 522 1767 eam·
535 1705 611 1782 diem
631 1703 743 1772 fuerat,
765 1702 836 1764 nihil
853 1706 953 1766 frustra
970 1729 1073 1768 ausus:

355 1840 357 1843 Α
398 1780 517 1870 impune
540 1783 651 1846 Ciliciae
674 1784 767 1845 fauces
790 1783 972 1847 intraverat:
1000 1785 1074 1847 mari

399 1884 515 1944 ¹quoque
524 1885 634 1925 novurn
644 1856 698 1923 iter
707 1863 736 1922 in
746 1862 816 1923 Pam
837 1861 1074 1941 hyliamaperue·

398 1962 443 2006 rat
461 1964 471 2004 t
491 1961 558 2003 tunc
574 1940 718 2003 haesitabat
735 1885 905 2021 deprebensa
922 1944 1044 2005 felicitas
1063 1966 1074 2019 3

398 2042 454 2084 nec
463 2020 540 2084 aliud
551 2021 710 2083 temedium
721 2041 795 2105 erar,
807 2036 893 2099 quarn
905 2025 1005 2085 reverti
1016 2045 1073 2102 qua

398 2099 529 2167 venerat.
548 2102 646 2178 ltaque
661 2102 744 2183 signo
756 2100 882 2179 receptui
895 2101 981 2172 dato,
1003 2102 1073 2163 den-

397 2174 471 2243 satis
496 2178 676 2272 agminibus,
701 2173 841 2259 scutisque
869 2200 951 2259 snper
978 2182 1073 2262 capita

398 2277 557 2331 consents,
574 2276 645 2320 retro
658 2256 773 2321 evadere
784 2276 820 2319 ex
831 2259 970 2339 angustiis
982 2260 1074 2341 juben

389 2359 460 2413 ¹attor
471 2340 549 2402 fuere
560 2338 666 2405 stadia,
683 2362 743 2418 quae
755 2342 876 2399 remensi
887 2356 962 2401 sunt.

402 2413 407 2487 ἶ
436 2419 526 2482 Ceti
544 2418 609 2481 lv.
628 2414 707 2479 Tum
721 2420 815 2480 castris
833 2416 954 2495 undique
972 2434 1072 2495 aperto

396 2493 467 2567 loco
490 2497 610 2576 positis,
633 2517 692 2556 non
714 2498 984 2568 consultare.modo
1006 2494 1073 2572 quid

380 2575 534 2660 ·‘agendum
545 2594 642 2646 esset;
663 2575 709 2637 sed
721 2595 798 2638 vates
814 2598 927 2667 quoque
938 2575 1072 2637 adhibere

397 2657 485 2735 coepit
497 2659 518 2717 'a
533 2656 843 2738 supersticionennimr.
856 2655 910 2717 Sed
923 2655 989 2733 quid
1004 2667 1073 2717 tune

395 2737 545 2815 predicere
562 2734 749 2803 Aristander,
772 2735 817 2795 cui
834 2753 895 2796 tunt
914 2734 1070 2813 plurimum

397 2815 563 2877 credebatur
583 2835 619 2874 ex
641 2815 775 2881 vatibus,
802 2816 946 2892 poterat?
973 2816 1072 2890 ltaque

398 2894 536 2955 damnatis
554 2893 758 2969 intempestivis
774 2893 916 2955 sacrificiis
934 2933 943 2961 ,
966 2894 1072 2973 peritos

397 2969 518 3061 locorum
535 2970 680 3036 convocari
694 2971 784 3062 jubet.
802 2967 859 3036 Per
874 2965 1003 3038 Mediam
1017 2971 1074 3037 iret
