2625 4017
404 574 462 630 262'
585 564 629 647 Q.
669 565 906 631 CURTII

401 666 478 733 riirn
488 664 638 747 darijttssi.
649 665 719 728 Cum
730 666 870 728 redieritis
879 666 908 728 in
920 664 1077 742 Graetiarta‘

435 745 556 817 testudo,
572 768 607 807 rte
617 746 679 826 quis
689 764 792 807 statum
802 767 897 817 suum,
914 747 940 806 si
957 746 1014 808 hec
1025 770 1076 809 ca·

397 768 517 889 iimirm
528 824 603 886 adsit
613 868 624 896 ,
641 843 732 887 vestro
744 825 838 886 credat
848 846 909 886 esse
922 826 1075 891 meliorem.

403 908 452 969 llli
472 907 579 967 obortis
598 907 723 967 lacrimis
742 924 847 966 terram
866 906 1074 979 intuebantur,

400 1007 457 1050 trec
466 1004 514 1048 aut
522 987 629 1067 erigere
641 987 753 1056 vultus,
770 1003 819 1045 aut
828 987 908 1063 loqui
917 987 1075 1050 audebantt

400 1068 517 1129 tandem
542 1086 609 1148 rege
631 1066 747 1127 tristitiae
773 1086 888 1125 causam
914 1067 1075 1147 exigente,

402 1146 569 1225 Euthymon
585 1145 689 1206 similia
701 1147 756 1216 iis,
773 1165 833 1222 quae
846 1145 875 1204 in
889 1147 1013 1205 consilio
1030 1147 1076 1207 di·

401 1245 503 1296 xerat,
519 1226 673 1304 respondit.
693 1227 788 1303 Atque
804 1225 854 1284 ille
874 1245 934 1284 non
954 1226 1075 1287 fortunat

401 1308 498 1368 'solunt
515 1326 637 1375 eorum,
657 1304 704 1365 sed
722 1307 810 1365 etiam
825 1304 998 1405 poenitentia
1016 1306 1075 1365 mi·

402 1404 491 1447 sertus
504 1406 513 1456 3
527 1402 604 1443 terna
620 1383 709 1443 millia
723 1382 866 1443 denarium
876 1382 998 1462 singuiis
1013 1383 1076 1444 dari

404 1463 810 1547 jussitrdenaevestesadjectae
818 1469 1076 1537 sunt3etarment'a

403 1565 472 1606 cum
488 1543 635 1621 pecoribus
648 1563 683 1603 ac
697 1543 841 1603 frumento
859 1542 923 1602 data
941 1566 949 1604 ε
969 1561 1001 1605 ut
1015 1544 1078 1605 coli

403 1624 515 1701 serique
528 1625 674 1683 attributus
686 1621 719 1681 iis
729 1643 797 1703 aget
810 1638 915 1699 posset.

444 1703 534 1765 Cre.
544 1703 574 1764 V
582 1704 605 1763 Ι.
616 1701 735 1762 Postero
750 1703 794 1762 die
805 1716 980 1763 convocatos
990 1701 1077 1764 duces

359 1831 361 1835 ,
402 1784 552 1862 copiamm
567 1782 669 1853 docet;
687 1778 790 1840 nuliam
801 1778 974 1858 infestiorem
984 1780 1078 1841 urbem

403 1860 518 1923 Graecis
535 1879 599 1920 esre
608 1880 688 1938 quam
700 1858 806 1939 regiam
817 1876 937 1920 veterum
946 1858 1078 1924 Persidis

404 1960 511 2020 regum.
526 1938 603 1998 Hinc
616 1937 667 1998 ilia
681 1938 815 1999 immensa
829 1960 845 1997 a
867 1937 942 1998 mina
956 1937 1051 2015 infusa
1067 1966 1077 2000 .·

394 2018 471 2095 'hinc
479 2016 599 2079 Darium
607 2016 687 2109 prius
695 2038 709 2089 ,·
718 2016 818 2077 deinde
856 2038 948 2077 erxem
958 2016 1079 2099 Europe

403 2096 518 2178 impium
532 2095 662 2157 intulisse
676 2095 785 2158 beilum.
801 2094 924 2157 Excidio
935 2095 1014 2156 illius
1023 2118 1079 2179 po-

399 2175 566 2239 tentandum
579 2197 642 2235 esse
651 2175 813 2255 majoribus.
823 2178 945 2253 Jamque
955 2180 1080 2247 barbari,

402 2257 516 2319 deserto
533 2256 659 2335 oppido,
674 2279 730 2335 qua
740 2276 881 2335 quemque
898 2274 990 2317 metus
1008 2278 1080 2337 age·

405 2340 476 2406 bat,
487 2335 672 2417 diffugerant3
684 2358 749 2397 cum
761 2351 812 2395 rex
822 2335 994 2417 phalangem
1007 2337 1080 2397 nibil

403 2433 552 2480 cunctatus
568 2415 688 2478 inducit.
708 2416 814 2475 Multas
834 2417 915 2475 urbes
932 2458 943 2485 ,
964 2416 1080 2477 refertas

403 2495 674 2577 opulentia—regia,
704 2496 808 2574 partim
835 2514 1049 2573 expugnaverat
1069 2518 1079 2568 3

402 2578 508 2658 partim
524 2575 553 2634 in
569 2574 656 2636 fidem
668 2591 832 2652 acceperat:
844 2574 890 2634 sed
906 2576 981 2635 urbis
996 2574 1080 2651 hujus

399 2656 506 2718 divitiae
518 2656 613 2717 vicere
622 2654 770 2732 praeterita.
783 2656 815 2712 ln
828 2653 901 2713 hanc
914 2655 1001 2714 totius
1011 2654 1081 2714 Per-

402 2735 470 2797 sidis
482 2755 550 2814 opes
561 2753 759 2815 congesserant
768 2734 888 2794 barbari.
908 2732 1020 2793 Aurum
1030 2754 1078 2792 ar-

396 2834 580 2899 'gentumque
596 2814 774 2874 cumulatum
789 2831 866 2875 erat:
879 2814 963 2874 restis
975 2812 1078 2893 ingens

396 2896 526 2957 modus:
539 2894 669 2971 supellex
683 2913 743 2952 non
758 2894 792 2953 ad
807 2915 888 2954 usum
902 2890 1010 2963 mod03
1029 2891 1078 2950 sed

396 2975 442 3037 'ad
455 2974 679 3037 ostentationem
693 2973 775 3036 luxus
789 2988 964 3053 comparata.
978 2970 1080 3051 Itaque
