2625 4017
471 530 665 599 tinen
704 534 831 600 vrit.
929 540 993 615 >455

314 637 370 700 litu
385 635 575 717 prohibiturus
590 635 713 699 hostem.
737 656 841 698 cxxxv
855 631 993 713 elephan-

316 738 362 781 tos
385 718 529 794 objecerat
550 717 658 777 eximio
680 738 836 795 corporum
859 717 992 788 robore;

316 800 447 875 ultraque
463 818 512 857 eos
528 818 624 857 currus
641 817 720 866 ccc,
741 814 770 856 et
784 795 911 874 peditum
924 809 992 857 xxx

317 879 378 939 fere
392 877 494 946 millia,
506 878 535 937 in
547 878 647 954 quibus
660 894 739 937 erant
751 875 896 957 sagittarii,
908 874 993 937 sicuti

316 976 384 1019 ante
402 957 585 1025 dictumest,
605 956 782 1037 gravioribus
798 955 884 1024 telis,
903 976 991 1032 quam

317 1054 350 1099 ut
362 1055 426 1113 apte
442 1038 536 1097 excuti
549 1054 672 1114 possent.
685 1036 781 1114 lpsum
793 1033 913 1096 vehebat
927 1036 992 1096 ele·

316 1116 439 1196 phantus
451 1137 533 1194 super
543 1133 649 1177 ceteras
659 1117 767 1177 belluas
778 1114 906 1175 eminens
917 1134 926 1185 3
946 1131 993 1175 at·

318 1216 423 1273 maque
433 1217 502 1255 auro
511 1214 539 1257 et
549 1214 669 1276 argento
677 1195 804 1256 distincta
816 1214 916 1270 corpus
924 1215 992 1255 tarae

318 1275 522 1356 magnitudinis
538 1274 738 1335 honestabunt.
756 1274 810 1334 Par
824 1274 934 1335 animus
943 1294 994 1334 ro-

280 1419 283 1428 ,
319 1358 384 1416 bori
394 1355 539 1431 corporis3
553 1371 582 1413 et
591 1375 695 1431 quanta
707 1355 781 1414 inter
791 1354 871 1415 rudes
881 1368 996 1430 poterat

319 1455 380 1496 esse
398 1434 546 1510 sapientia.
558 1435 732 1494 Macedonas
749 1454 808 1493 non
825 1451 994 1512 conspectus

318 1515 445 1574 hostium
462 1515 579 1585 solum·,
596 1514 742 1574 sedetiam
755 1511 878 1573 fluminis
891 1552 901 1582 ,
915 1510 994 1591 quod

318 1595 520 1656 transeundum
545 1611 631 1662 erat,
661 1592 829 1673 magnitudo
858 1596 995 1655 terrebat.

321 1672 457 1751 Quattuor
477 1673 507 1731 in
527 1671 707 1732 latitudinem
730 1671 816 1732 stadia
834 1671 964 1733 diffusum
980 1708 992 1740 ,

319 1753 462 1830 profundo
484 1752 597 1821 alveo,
625 1770 652 1811 et
672 1772 810 1827 nusquam
831 1751 902 1813 vada
922 1769 995 1828 ape-

320 1834 434 1900 riente,
458 1831 583 1909 speciem
600 1831 672 1891 vasti
693 1832 777 1891 maris
793 1830 909 1893 fecerat.
928 1830 995 1891 Nec

320 1932 374 1989 pro
393 1911 483 1988 spatio
499 1931 636 1987 aquarum
652 1912 709 1970 late
728 1910 918 1990 stagnantium
932 1909 992 1970 im-

319 2009 418 2067 peturn
450 1988 624 2062 co‘e'rcebat3
655 1990 702 2050 sed
731 1989 809 2069 quasi
831 1991 861 2049 in
883 2007 998 2051 arctum

321 2069 489 2131 co'e'untibus
500 2070 566 2147 ripis
578 2110 588 2138 ,
606 2087 716 2130 torrens
728 2112 739 2139 ,
755 2088 783 2129 et
794 2070 877 2129 elisus
888 2070 997 2130 feteba-

320 2168 367 2209 tut
390 2174 398 2209 t
422 2151 591 2225 occultaque
611 2170 678 2208 saxa
698 2148 786 2209 inesse
810 2149 997 2208 ostendebant

320 2229 446 2306 pluribus
457 2230 528 2288 locis
541 2228 619 2287 undae
632 2248 808 2305 repercussae.
825 2226 998 2287 Terribilior

319 2326 380 2369 erat
391 2309 477 2368 facies
497 2307 581 2383 ripae,
605 2328 691 2383 quam
704 2307 769 2382 equi
786 2307 894 2382 virique
908 2328 995 2366 com·

321 2389 479 2466 pleverant.
495 2386 612 2446 Stabant
624 2386 753 2477 ingentes
764 2401 908 2445 vastorum
927 2405 998 2445 cor-

321 2489 425 2545 porum
440 2467 552 2534 moles,
568 2482 597 2525 et
611 2464 645 2523 de
658 2464 790 2524 industria
803 2464 914 2523 irritatae
929 2462 998 2524 hor·

322 2543 683 2606 rendostridoreaurasfati
705 2540 998 2612 abant.l·lineltostis‚

323 2624 392 2685 hinc
405 2625 497 2683 amnis
510 2623 624 2700 capacia
635 2565 750 2699 quiiem
763 2625 844 2682 bonae
856 2622 914 2701 spei
927 2643 997 2701 pec-

322 2723 408 2772 tora,
423 2721 451 2763 et
464 2723 534 2779 saepe
545 2724 573 2763 se
587 2721 721 2779 experta,
734 2702 891 2779 improviso
901 2720 998 2762 tamen

322 2805 430 2863 pavore
443 2800 644 2860 percusserant.
663 2780 780 2860 Quippe
792 2782 934 2842 instabiles
950 2803 998 2842 ra-

323 2884 366 2924 tes
376 2904 385 2931 ‚
397 2883 450 2923 nec
462 2863 542 2942 dirigi
554 2864 588 2922 ad
599 2864 690 2940 ripam
701 2903 710 2931 ‚
723 2882 778 2922 nec
790 2879 852 2922 tuto
863 2860 998 2939 applicati

322 2964 406 3024 posse
420 2943 580 3009 credebant.
593 2943 683 3007 Erant
697 2942 728 3004 in
742 2942 838 3005 medio
855 2939 1006 3006 amacina
