2625 4017
377 576 448 654 am
569 556 894 649 Q.cURTH

378 687 509 751 'quatuor
532 669 561 729 in
584 669 763 731 altitudinem
785 670 920 738 excedit,
952 665 983 727 in
1006 667 1067 746 ’φη

374 751 509 811 svinctum
521 748 684 810 Promethea
690 747 785 824 fuisse
803 749 954 825 antiquitas
968 749 1066 812 tradit.

375 828 551 890 ¹Condendae
567 831 595 888 in
618 830 755 888 radicibus
774 829 881 888 montis
899 829 962 888 urbi
984 828 1065 889 sedes

370 909 479 967 ·electa
492 926 543 969 est.
554 928 606 968 vu
619 908 744 967 millibus
764 908 909 968 seniorum
921 907 1064 968 Macedo-

376 1004 478 1055 num,
492 1006 521 1046 et
530 1003 662 1065 praeterea
675 986 809 1047 militibus
819 1026 828 1054 ,
840 1005 962 1063 quorum
975 1008 1065 1063 opera

374 1066 430 1128 uti
443 1066 575 1134 desisset,
589 1067 756 1144 permissum
769 1105 779 1135 ,
799 1067 829 1126 in
841 1086 950 1125 novam
962 1067 1065 1126 urbem

386 1146 544 1206 considere.
565 1146 650 1205 Hanc
667 1164 780 1223 quoque
797 1142 1002 1205 Alexandriam
1020 1146 1067 1205 in-

384 1225 458 1286 colae
474 1225 698 1302 appellaverunt.

428 1303 516 1366 Cae.
529 1304 589 1365 IV.
605 1304 643 1362 At
655 1306 769 1371 Bessus,
788 1301 946 1363 Alexandri
958 1302 1064 1364 celeri-

383 1398 443 1443 tate
460 1383 641 1459 perterritus,
664 1383 727 1441 Diis
739 1382 836 1459 patriis
849 1382 991 1443 sacrificio
1009 1383 1064 1444 rite

386 1462 486 1534 fact03
509 1463 580 1522 sicut
602 1460 658 1520 illis
677 1463 807 1542 gentibus
827 1481 891 1521 rnos
908 1479 973 1531 est,
996 1484 1066 1524 cum

385 1542 486 1601 amicis
508 1540 680 1619 ducibusque
700 1542 848 1618 copiarum
872 1541 946 1601 inter
965 1543 1065 1618 epulas

388 1620 424 1681 de
449 1621 528 1680 bello
551 1616 740 1682 consultabat.
761 1619 871 1682 Graves
890 1639 973 1681 mero
996 1640 1065 1680 suas

364 1710 368 1720 '
387 1700 466 1778 aiter
477 1701 615 1760 extollere
625 1724 633 1759 s
643 1698 762 1758 hostium
773 1719 847 1760 nunc
859 1697 1065 1772 temeritatem

385 1800 464 1841 nunc
471 1778 639 1859 paucitatem
650 1798 789 1855 spernere.
801 1778 942 1855 Praecipue
952 1780 1066 1848 Bessus,

385 1860 469 1919 ferox
491 1858 604 1926 verbis,
624 1876 653 1918 et
674 1875 755 1935 parto
782 1877 833 1936 per
857 1860 947 1918 scelus
970 1876 1065 1937 regno

386 1940 545 2014 superbus,
569 1958 602 1997 ac
613 1938 663 1997 vix
682 1954 782 2015 potens
799 1938 922 2007 mentis,
946 1935 1066 2011 dicere;

384 2013 520 2077 Socordia
543 2014 632 2076 Darii
660 2016 780 2077 crevisse
804 2013 925 2075 hostium
941 2013 1066 2090 famam.

375 2092 552 2157 Occurrisse
573 2094 645 2154 enim
667 2095 697 2155 in
718 2093 830 2156 Cilicia
849 2093 1064 2173 angustissimis

379 2172 539 2252 faucibus;
562 2194 621 2234 cum
636 2171 829 2235 retrocedendo
844 2189 940 2253 posset
955 2172 1065 2253 perdu-

373 2269 452 2315 'cere
464 2252 590 2313 incautas
606 2253 635 2313 in
648 2252 708 2314 loca
719 2270 824 2313 naturae
840 2252 896 2312 sira
911 2252 1009 2317 invia,
1024 2268 1065 2312 tat

380 2330 548 2415 fluminibus
563 2331 699 2410 objectis,
722 2350 762 2392 tor
774 2332 905 2391 asoarium
919 2329 1035 2391 latebris
1052 2370 1063 2401 ,

386 2411 461 2473 inter
472 2432 540 2491 quas
554 2410 735 2490 deprehensas
748 2409 857 2480 hastis,
871 2407 992 2487 nefugae
1003 2410 1067 2488 qui·

374 2490 470 2559 ¹dem,
492 2490 591 2549 nedum
614 2490 766 2550 resistendi
789 2490 959 2549 occasionem
971 2487 1066 2563 suerit

385 2568 541 2631 habituras.
558 2566 620 2627 Sibi
635 2568 746 2648 placere
763 2568 793 2629 in
810 2567 967 2647 Sogdia-aas
985 2588 1065 2628 rece·

373 2646 476 2715 ¹dere,
500 2645 593 2708 Oxum
608 2668 715 2709 amnem
729 2647 803 2710 velut
818 2668 923 2707 marum
939 2644 1066 2724 objectu-

374 2746 448 2789 ·ram
459 2726 553 2796 lasti;
566 2724 629 2786 dam
642 2749 677 2787 ex
679 2725 816 2805 finitimis
824 2724 956 2806 gentibus
967 2724 1066 2785 aalide

386 2806 499 2867 auxilia
515 2825 715 2868 concurrerent·
733 2804 867 2868 llanturos
886 2823 977 2865 aurem
990 2803 1068 2865 Cla·

386 2886 529 2953 rasmios,
550 2902 577 2943 et
589 2883 711 2954 Dahas,
731 2883 889 2962 Sacasque,
910 2900 938 2943 er
954 2881 1067 2953 ladas,

377 2980 416 3035 aa
431 2963 504 3028 altra
520 2964 632 3029 Tanain
651 2986 759 3028 amnem
778 2963 898 3031 calantes
913 2959 1035 3045 Scythas
1050 2981 1066 3036 ‚-

948 3080 1072 3146 quorum
