2625 4017
390 547 454 617 'uta
576 553 645 633 Q
660 553 898 616 CURTII

319 695 322 699 Δ
391 658 476 725 lato,
502 655 644 715 ceruicem
664 655 770 731 appetit
778 657 881 747 Uregis:
899 654 947 733 qui
964 653 1068 747 exigua

391 735 523 812 corporis
535 734 727 794 declinatione
741 735 848 796 evitato
864 736 944 804 ictu,
965 734 995 793 in
1011 759 1067 797 va-

392 836 464 875 num
481 835 599 873 manum
617 815 727 873 barbari
740 817 847 892 lapsam
864 832 991 891 amputat
1001 816 1068 895 gla-

392 895 463 964 dio,
479 893 674 954 denuntiato
666 914 695 951 nr
718 895 801 953 illum
819 895 894 953 diem
912 894 1070 971 periculo,¹

393 991 426 1035 ιιι
449 973 661 1033 arbitrabatur
653 994 734 1048 ipse,
755 974 911 1033 defunctus.
933 972 1010 1041 Sed,
1034 990 1069 1034 ut

393 1054 499 1129 opinor
509 1092 520 1144 ’.
531 1051 694 1112 inevitabile
705 1070 745 1111 est
756 1053 857 1115 fatum
869 1051 985 1130 Quippe
997 1053 1068 1144 dum

393 1132 467 1193 inter
479 1132 618 1210 primores
629 1132 785 1209 promptius
805 1131 943 1200 dimicat,
966 1132 1068 1212 sagitta

392 1212 465 1272 ictus
485 1231 559 1271 est·
585 1234 671 1287 quam
693 1233 742 1287 per
763 1212 882 1271 loricam
906 1174 1067 1280 adactam,

393 1309 515 1351 stantem
531 1292 559 1349 in
577 1290 697 1350 humero
713 1290 877 1352 medicus
853 1311 911 1365 epus
922 1290 1068 1367 Philippus

393 1371 503 1430 evellit.
525 1370 667 1429 Plurimus
690 1370 789 1429 deinde
815 1370 927 1448 sanguis
951 1390 1070 1445 manare

393 1451 480 1526 coepit
497 1470 506 1520 3
526 1448 657 1509 omnibus
681 1450 781 1509 territis
801 1488 811 1517 ‚
831 1450 897 1525 quia
920 1469 1067 1525 nunquam

394 1546 455 1588 tarn
466 1530 521 1587 alte
532 1548 689 1604 penetrasse
698 1530 787 1588 telum
798 1527 905 1596 ,lorica
918 1530 1067 1595 obstante,

393 1626 601 1689 cognoverant.
618 1609 686 1697 lpse
698 1628 752 1667 nec
763 1608 818 1666 oris
836 1607 951 1683 quidem
966 1609 1071 1667 colore

297 1763 305 1774 ·
393 1706 530 1753 mutato,
556 1686 686 1777 supprimi
707 1684 891 1777 sanguinem,
919 1706 945 1744 er
967 1684 1070 1745 vulnus

394 1764 536 1857 obligari
528 1766 617 1843 jussit
632 1766 692 1825 Diu
705 1784 772 1825 ante
784 1766 843 1842 ipsa
860 1765 938 1844 signa
953 1767 1000 1825 vel
1011 1765 1069 1824 dis-

393 1845 556 1913 simulato,
579 1845 666 1904 vel
647 1845 725 1905 ricto
752 1845 851 1904 dolore
876 1845 1070 1921 perstiterat;

378 1945 461 1986 cum
477 1944 635 1999 suppressus
656 1926 744 2001 paulo
764 1943 829 1984 ante
847 1924 957 2002 sanguis
974 1925 1065 1983 medi-

393 2021 547 2071 camento,
564 2023 680 2063 manare
695 2003 777 2064 latius
795 2004 880 2081 coepit
895 2026 902 2062 τ
920 2018 949 2061 et
963 2004 1069 2062 vulnus

392 2083 470 2158 quod
485 2102 581 2141 recens
594 2082 685 2142 adbuc
696 2084 828 2144 dolorem
841 2103 900 2141 non
915 2100 1046 2142 moverat
1059 2122 1069 2150 ‚

393 2161 554 2252 frigente
533 2162 669 2240 sanguine
683 2161 826 2223 intumuit.
844 2160 947 2237 Linqui
966 2161 1070 2220 deinde

392 2245 511 2309 animo,
525 2260 562 2299 et
559 2240 691 2299 submitti
701 2263 776 2322 genu
787 2241 890 2318 coepit
904 2260 988 2316 quem
998 2262 1070 2318 pro-

392 2320 466 2379 ximi
487 2338 638 2420 exceptum
662 2320 691 2378 in
716 2338 804 2381 castra
830 2337 1007 2396 receperunt.
1031 2320 1070 2380 Er

391 2400 494 2459 Beris
485 2400 665 2459 interfectum
683 2418 756 2461 ratus
776 2402 876 2460 urbem
895 2419 984 2458 ovans
1006 2399 1070 2459 vic-

390 2479 464 2538 toria
485 2480 596 2555 repetit.
618 2482 657 2537 At
673 2480 836 2539 Alexander
855 2478 984 2538 nondum
1001 2499 1069 2569 per-

391 2567 491 2618 curato
510 2559 650 2626 vulnere,
670 2580 827 2640 aggerem,
848 2579 908 2633 quo
925 2559 1068 2617 moenium

391 2637 570 2697 altitudinem
584 2657 719 2713 aequaret,
735 2639 889 2707 exstruxit,
903 2653 932 2696 et
943 2634 1070 2714 pluribus

392 2714 528 2778 cuniculis
543 2736 632 2774 muros
644 2716 765 2775 subrui
757 2716 845 2809 puerit.
867 2715 1015 2792 Oppidani
1032 2715 1069 2775 ad

391 2796 581 2873 pristinum
562 2795 705 2874 fastigium
724 2797 863 2855 moenium
883 2815 993 2855 novum
1014 2814 1069 2854 ex·

390 2891 518 2936 struxere
536 2876 774 2935 ιιιιιιιιιιειιιιιιιι.
766 2875 840 2935 ·sed
857 2895 891 2934 ne
907 2874 935 2932 id
952 2873 1068 2951 quidem

389 2968 480 3017 turres
490 2974 586 3036 aggeri
598 2953 998 3037 impositataequarepoterat.
1010 2954 1072 3015 Ιιι·
