2625 4017
423 539 619 609 LIBER
658 519 768 608 Vll.
875 551 965 621 3'61·

298 666 374 711 orum
395 643 529 706 neminem
549 642 617 705 adeo
637 640 767 704 humilem
789 662 873 716 erse,
902 661 936 706 ut

259 653 367 791 πυκνὶ
386 726 445 806 ejus
456 745 511 784 non
520 740 636 807 possent
650 720 818 784 Macedonis
833 722 935 786 militie

260 805 395 872 uerticem
407 823 524 883 aquare.
545 802 740 865 Conclamant
759 805 934 876 temulenti,

263 905 347 947 urtam
363 882 435 944 darre
452 882 620 942 sententiam
638 880 778 942 salubrem
795 901 858 943 esse
876 910 886 943 .·
904 901 936 948 et

263 967 363 1028 Bessus
385 957 554 1037 circumferri
574 980 676 1021 merum
698 958 741 1021 lar
764 960 804 1021 ‘us
826 962 936 1039 jubet,

262 1042 452 1105 debellaturus
473 1060 556 1118 super
577 1060 706 1102 mensam
757 1039 936 1106 lexandturu.

264 1123 334 1185 Erat
343 1121 373 1181 in
383 1140 420 1180 eo
431 1119 568 1181 convivio
579 1117 727 1189 Cobares,
742 1120 859 1182 natione
870 1121 937 1182 Me·

265 1203 336 1272 dus,
357 1198 404 1261 sed
421 1198 538 1292 magicae
554 1198 620 1258 artis
634 1204 649 1275 (
664 1200 686 1259 si
704 1199 794 1262 modo
810 1220 853 1260 ars
869 1220 936 1272 est,

264 1302 326 1342 non
341 1277 485 1342 vanissimi
498 1277 633 1360 cujusque
648 1275 799 1338 ludibrium
814 1279 828 1349 )
845 1279 938 1372 magle

264 1359 464 1441 professione,
480 1378 567 1435 quarn
582 1357 698 1419 seientia
710 1357 843 1432 celeber3
862 1361 938 1419 alro-
1005 1375 1013 1382 ·

267 1440 337 1520 quin
345 1438 508 1502 moderatus
521 1455 550 1496 et
563 1438 679 1517 probus.
692 1436 719 1496 Is
732 1441 799 1496 'curn
808 1437 945 1520 praefatur

267 1527 355 1591 esset3
368 1516 443 1578 scire
453 1535 532 1575 servo
543 1514 640 1578 utilius
649 1533 742 1584 parere
752 1513 844 1584 dieto,
856 1533 944 1595 quart·

267 1595 370 1737 ψη
383 1592 553 1664 consilium
570 1614 631 1653 curn
644 1590 727 1661 illos,
743 1593 789 1672 qui
797 1613 915 1674 pereant
924 1615 943 1672 ‚·

268 1696 279 1738 t
301 1696 343 1737 ern
359 1672 429 1754 quod
446 1690 553 1732 ceteras
570 1689 680 1731 maneat
698 1696 708 1731 .·
726 1671 771 1749 qui
788 1692 851 1733 vero
868 1693 939 1734 sua-

268 1754 375 1824 deant,
389 1750 531 1834 proprium
545 1749 721 1831 perieulum
738 1753 876 1828 poculum
886 1751 914 1814 ei
926 1775 947 1828 ,·

268 1836 346 1927 quod
361 1832 482 1893 habebat
492 1830 521 1889 iu
536 1850 643 1901 manu,
662 1830 783 1893 tradidit.
800 1830 871 1910 Quo
887 1853 947 1896 ac··

269 1933 355 1993 cepto
367 1912 510 1974 Cobnrer:
523 1907 650 1986 Natura,
661 1910 752 1996 lnquit
761 1913 776 1980 ,’
784 1909 947 1974 mortalium·

269 1992 321 2055 ltoc
342 2010 442 2071 quoque
462 1988 571 2049 nomine
589 2009 679 2079 praua
699 2006 728 2049 et
743 1988 861 2061 slnisrru
881 1988 955 2054 diel-

266 2086 387 2157 potest5
410 2066 479 2150 quod
495 2068 526 2127 r'rz
543 2088 591 2128 suo
607 2087 719 2146 qunque
733 2069 843 2147 negotio
857 2068 966 2132 laede-z

270 2150 329 2227 aior
350 2162 416 2227 est,
440 2166 519 2227 quarn
541 2146 580 2213 r'rr·
596 2145 699 2206 alieno.
729 2144 850 2206 Turbida
874 2163 942 2210 sunt

271 2225 393 2293 consilia
412 2244 525 2294 eorum,
544 2223 591 2361 gui
612 2222 668 2283 sr'br·
690 2222 817 2287 suadent.
838 2221 947 2298 Obstat

271 2324 361 2372 metus
372 2323 385 2377 ;
403 2300 469 2374 aliis
481 2302 542 2383 cupi

271 2381 343 2451 ralis
358 2403 468 2452 eorum,
487 2402 545 2461 quoe
559 2380 747 2464 cogitaverit,
765 2400 850 2445 arnor.
863 2382 949 2446 Nan*

272 2465 306 2540 in
326 2481 354 2527 re
380 2460 508 2543 superbia
526 2479 580 2519 narr
602 2458 690 2520 eadit.
715 2454 855 2539 Expertus
884 2481 916 2522 er
928 2463 946 2534 ,'

273 2559 505 2623 unumquemque,
520 2536 590 2617 quod
601 2536 660 2618 ipre
669 2534 822 2618 repererit,
836 2555 885 2600 eut
894 2559 948 2614 rof·-
994 2545 997 2550 '

273 2624 331 2686 lum
342 2638 389 2683 aut
398 2617 527 2700 optimum
537 2615 644 2680 ducere.
655 2614 793 2697 Magnum
803 2637 871 2678 ortus
879 2637 946 2682 sur·

273 2704 350 2767 tinet
365 2698 474 2781 eapite,
493 2718 521 2758 re
543 2694 599 2757 ium
609 2694 733 2777 insigne.
746 2693 809 2757 Hoc
823 2712 871 2756 aur
885 2697 951 2760 mni

276 2781 370 2845 derare
386 2774 508 2860 perferen
530 2796 574 2844 run
591 2792 654 2845 est,
673 2793 740 2843 nur,
755 2772 826 2853 quod
839 2772 947 2850 ndomi-

278 2882 347 2930 nor,
365 2859 393 2918 in
408 2876 435 2917 re
445 2877 515 2917 ruer.
531 2852 679 2934 Consilia,
697 2874 750 2913 nnn
766 2853 867 2934 impetu
878 2855 953 2935 npue²

277 2937 331 3006 eir.
348 2937 455 3020 Adjicit
470 2935 590 3007 deinde,
607 2935 682 3015 quod
699 2933 771 3014 efud
783 2933 964 3014 Bactrianae,

794 3032 864 3101 Hlt

563 2303 618 2362 irus
629 2322 642 2372 ‚'
658 2322 848 2381 nonnunquam
860 2317 960 2365 narrt-¹·
