2625 4017
197 805 215 1012 i

451 588 640 653 LIBER
685 586 728 654 X.
864 597 927 671 Μ

247 712 338 762 etun,
348 691 621 771 ceremoniarumque
631 710 743 751 consors
754 688 844 759 modo,
853 710 928 753 nunc

252 771 330 835 solus
344 771 437 839 ireres,
449 771 605 849 psaeterirur
618 791 635 829 a
650 768 738 829 uobis.
754 767 817 849 Quo
829 771 927 831 merito

252 872 305 914 suo
319 847 545 928 iquidvefecit,
566 847 707 908 curceium
717 849 842 928 gentium
853 869 928 909 com·

252 929 331 1008 rnuni
335 930 401 1018 jure
406 926 576 1002 fraudetur?
586 926 619 987 Si
629 925 792 1016 Alexandro
805 927 926 1017 similent
1004 956 1007 962 ·

251 1008 926 1149 questus,nunquomreperseus;siqroscrmum,

276 1086 303 1147 ic
320 1085 397 1147 solus
411 1102 464 1144 est.
480 1085 534 1145 His
544 1086 645 1145 auditis
660 1105 765 1146 concio
778 1107 872 1163 primo
889 1108 928 1146 st·

250 1165 376 1229 lentium
396 1165 475 1225 velut
497 1165 568 1241 jussa
589 1164 687 1225 habuit
710 1188 718 1225 ε
743 1166 927 1229 conclamant

227 1244 357 1307 'deinde
380 1243 483 1322 pariter
501 1241 643 1302 Aridoeum
667 1241 818 1303 vocandum
840 1264 924 1313 etseq

251 1340 422 1400 mortemque
432 1320 564 1390 meritos,
582 1322 627 1398 qui
644 1321 800 1381 concionem
816 1321 877 1381 sine
894 1342 925 1384 eo

252 1401 429 1464 habuissent.
447 1400 525 1461 Tum
543 1399 647 1460 Pithon
665 1403 764 1477 plenus
780 1403 923 1478 lacryma·

252 1503 321 1544 rum
334 1481 440 1540 orditur
452 1479 565 1548 dicere,
580 1479 666 1538 Nunc
678 1479 722 1540 uei
735 1481 854 1541 maxime
869 1482 925 1541 mi·

214 1599 218 1607 -
250 1557 404 1622 serudiiem
417 1577 478 1617 esse
488 1557 758 1636 Alexandrum‚·qui
772 1579 826 1618 rum
838 1558 924 1619 bono·

250 1659 315 1700 rum
326 1636 427 1696 ciuium
440 1634 607 1714 militumque
611 1635 724 1711 fructu,
741 1655 768 1697 et
776 1638 927 1716 presentia

241 1715 401 1796 fraudatus
413 1732 498 1776 esset.
512 1714 622 1774 Nomen
634 1714 706 1774 enim
718 1716 925 1795 memoriamque

249 1795 331 1875 regis
340 1795 385 1853 sui
402 1811 506 1852 cantum
521 1793 680 1863 intuentes,
703 1794 738 1853 ud
749 1813 838 1854 cetero
851 1794 924 1856 coii-

248 1894 322 1956 gnre
338 1893 394 1934 eos.
410 1873 494 1931 Haud
510 1874 640 1953 ambigue
655 1874 684 1932 in
704 1874 858 1949 juvenem,
878 1873 925 1936 cui

250 1974 374 2035 regnum
386 1952 591 2021 destinabatur,
600 1954 726 2029 impensa
737 1958 838 2031 probra
846 1979 855 2027 3
863 1975 926 2032 quae

251 2035 346 2114 nangis
360 2032 412 2108 ipsi
429 2032 546 2099 odium,
565 2052 651 2108 quarn
664 2033 777 2093 Aridaeo
792 2053 929 2098 contem<

251 2129 317 2173 turn
334 2112 508 2170 attulerunt:
526 2112 628 2187 quippe
647 2112 714 2170 dum
733 2114 925 2179 miserentur,
967 2172 970 2177 ,

251 2190 445 2252 etiamfavere
455 2208 609 2264 coepernnt.
625 2190 714 2269 igitur
726 2211 778 2249 non
796 2189 879 2249 olium
893 2208 927 2253 se.

251 2289 423 2349 quomrum,
438 2268 482 2345 qui
494 2267 529 2326 od
542 2266 610 2327 dunc
623 2289 697 2347 spem
706 2268 818 2347 genitus
831 2285 925 2336 esset,

251 2368 373 2427 regnare
398 2366 527 2427 passuros
554 2348 690 2424 pertinaci
717 2348 925 2407 acclamatione

251 2429 431 2492 declarant,
466 2430 610 2503 vocarique
641 2424 784 2486 Aricinum
816 2427 931 2503 jubent.

253 2506 356 2583 Quem
375 2507 522 2585 Meleager
541 2508 654 2566 infestus
672 2507 833 2583 invisusque
851 2506 926 2565 Per-

252 2586 341 2646 diccae
354 2603 465 2645 strenue
482 2586 607 2661 perducit
619 2587 648 2644 in
661 2587 788 2667 regiamt
805 2604 835 2644 et
847 2584 929 2643 rnili-

252 2681 297 2726 tes
308 2660 464 2741 Philippum
477 2666 701 2732 consalutatum,
720 2685 813 2743 regem
824 2665 928 2740 appel-

253 2744 328 2805 lant.
340 2742 476 2802 Ceterum
491 2742 549 2803 hec
560 2745 638 2824 nitigi
650 2762 709 2803 erat
721 2766 780 2804 vox
793 2766 803 2816 ;
815 2742 924 2820 princi-

253 2843 326 2902 pum
343 2821 399 2880 alia
415 2824 564 2883 sententia.
580 2824 602 2882 E
619 2824 717 2899 quibus
732 2823 834 2882 Pithon
852 2842 926 2881 con-

254 2901 361 2964 silium.
372 2898 510 2961 Perdicca
527 2903 627 2978 exequi
644 2904 750 2979 caepit,
772 2919 931 2979 tutores-quc

253 2978 378 3062 destinat
384 2975 454 3061 filio
469 3000 505 3045 eor
516 2978 633 3043 Roxane
640 2978 755 3058 futuro,
773 2978 934 3042 Perdiccan

769 3079 842 3143 Zz
