2625 4017
311 563 374 645 aaa·
493 558 539 640 Q.
578 554 825 623 constr

311 681 472 747 repugnans
494 663 643 726 occiditur.
667 655 769 721 Diruta
791 656 887 740 igitur
905 677 1006 734 arce,

311 766 343 807 et
355 745 487 805 omnibus
498 744 616 822 captivis
626 738 827 809 venumdatis,
841 740 916 803 Sabi
928 743 1004 823 tegis

311 826 384 886 fines
406 824 545 905 ingressus
566 839 630 895 est;
652 820 806 897 multisque
826 822 947 900 oppidis
969 824 1000 883 in

311 904 400 967 fidem
412 902 555 982 acceptis,
570 899 773 964 validissimam
784 901 884 980 gentis
896 905 1000 964 urbem

312 984 449 1046 cuniculo
477 982 563 1060 cepit.
590 982 718 1041 Barbaris
745 978 841 1040 simile
874 981 1001 1044 monstri

313 1065 407 1127 visum
427 1080 495 1131 est,
521 1062 634 1123 rudibus
654 1060 824 1120 militarium
846 1081 1001 1139 opemm;

314 1145 419 1222 quippe
434 1143 463 1200 in
481 1141 577 1202 media
588 1140 677 1200 ferme
688 1141 756 1199 urbe
768 1159 785 1198 e
801 1157 882 1201 terra
894 1142 1000 1203 existe-

315 1227 404 1292 bant,
428 1222 510 1282 nullo
530 1219 637 1281 suffossi
665 1240 761 1296 specus
783 1235 853 1279 ante
873 1221 1001 1301 vestigio

314 1305 405 1364 facto.
419 1299 573 1378 Octoginta
593 1296 683 1358 millia
699 1295 831 1357 Indorum
848 1297 883 1359 in
903 1321 938 1360 ea
958 1320 1000 1360 re·

312 1382 400 1461 gione
415 1400 487 1439 cesa
495 1378 658 1439 Clitarchus
673 1395 714 1438 est
729 1396 850 1447 auctor,
862 1377 1001 1439 multos-

314 1480 367 1531 que
390 1457 513 1539 captivos
535 1456 585 1517 sub
608 1477 707 1517 corono
730 1457 856 1519 venisse.
891 1459 1003 1521 Rursus

314 1532 458 1601 Musicani
468 1537 648 1605 defecerunt,
660 1538 695 1597 ad
705 1558 775 1613 quos
786 1536 1000 1613 opprimendos

314 1619 418 1682 missus
432 1635 474 1679 est
489 1617 615 1686 Pithon,
635 1616 682 1693 qui
697 1635 814 1707 captum
830 1617 1000 1695 principem

314 1699 431 1782 gentis,
445 1698 632 1774 eumdemque
643 1694 809 1757 defectionis
820 1715 998 1767 auctorem,

314 1778 432 1840 adduxit
441 1777 476 1836 ad
492 1796 601 1858 regem.
618 1773 688 1852 Quo
703 1775 871 1835 Alexander
886 1778 918 1837 in
930 1799 1000 1837 cru·

314 1877 381 1918 cem
393 1858 525 1925 sublam,
547 1877 638 1916 rursus
649 1874 785 1921 amnem,
801 1856 831 1914 in
843 1876 909 1932 quo
922 1854 1001 1917 clas-

315 1956 376 1995 sem
389 1952 548 2073 expectare
559 1953 591 1993 se
603 1935 735 2010 jusserat,
750 1935 865 2011 repetit.
879 1936 1000 2014 Quarto

313 2014 416 2075 deinde
445 2014 471 2073 ie
484 2011 608 2075 secu'ndo
619 2034 703 2074 amne
714 2015 842 2092 pervehit
853 2018 893 2075 ad
911 2016 998 2094 oppi-

313 2094 403 2163 dum,
423 2116 477 2172 qua
489 2093 542 2153 iter
553 2094 583 2153 in
595 2114 713 2173 regnum
724 2111 784 2155 erat
795 2093 882 2157 sabi.
894 2094 1005 2174 Nuper

312 2176 405 2235 seille
416 2172 577 2242 dediderat,
593 2176 640 2232 sed
651 2172 784 2251 oppidani
795 2174 1002 2236 detrectabant

311 2252 469 2331 imperium
483 2293 492 2322 ,
508 2270 537 2312 et
550 2254 707 2312 clauserant
723 2271 829 2331 portas.
851 2250 1002 2331 Quorum

311 2334 455 2411 paucitate
466 2349 611 2393 contemta
621 2350 671 2390 rex
682 2371 692 2399 ,
705 2332 872 2411 quingentos
884 2332 998 2414 Agria·

312 2433 365 2472 nos
378 2411 477 2472 menia
489 2409 580 2470 subire
594 2411 731 2487 jusserat,
748 2410 894 2471 etsensim
913 2434 995 2473 rece-

310 2490 410 2552 dentes
430 2488 529 2550 eiicete
553 2507 735 2549 extramuros
755 2488 887 2559 hortem,
910 2513 997 2553 secu·

308 2588 400 2630 turum
421 2568 568 2649 profecto,
595 2568 621 2627 si
645 2566 746 2648 fugere
771 2589 818 2627 eos
847 2570 1002 2637 crederet.

307 2649 451 2731 Agriani,
474 2650 543 2709 sicut
561 2649 730 2725 imperatum
750 2666 832 2715 etat,
851 2650 995 2713 lacessito

307 2726 390 2789 hoste
411 2731 504 2789 subito
522 2746 599 2810 terga
618 2746 749 2799 vertunt;
775 2749 847 2804 quos
872 2730 996 2793 barbari

305 2808 392 2869 effirse
413 2827 558 2884 sequentes
573 2811 602 2868 in
624 2808 717 2877 alios,
741 2807 813 2867 inter
832 2828 909 2885 quos
930 2810 993 2889 ipse

304 2908 357 2949 rex
374 2905 453 2957 etat,
471 2888 610 2949 incidunt.
625 2886 778 2948 Renovato
794 2908 866 2968 ergo
883 2892 993 2965 praelo

298 2986 338 3044 tx,
361 2969 449 3050 tribus
470 2966 599 3035 nutibus
621 2969 809 3037 barbatorum
830 2970 996 3060 quingenti
