2625 4017
417 514 609 578 tinen
653 513 746 579 rin·
853 523 925 599 ne,

240 621 342 681 oborta
353 615 426 677 inter
436 616 531 694 ipsos,
544 616 638 677 subito
649 616 836 695 profugerunt
847 620 925 683 bar··

242 698 315 759 bari.
329 696 414 756 Certe
429 697 509 756 avios
524 714 637 756 montes
651 712 681 755 et
692 696 844 773 impeditos
859 707 922 762 oe·¹

241 792 428 854 cupaverunt.
452 774 588 851 Quorum
611 793 716 854 agmen
739 796 789 836 rex
814 778 915 841 frustra

241 873 418 935 persecutus,
432 854 634 931 impedimenta
642 854 729 931 cepit.
740 853 924 919 Perventum¹

241 934 342 995 deinde
357 953 399 992 est
418 934 451 991 ad
472 933 608 1010 oppidum
627 932 864 1010 Oxydracnrum‚
884 939 919 999 in.

241 1012 320 1091 quod
338 1013 463 1089 plerique
482 1011 689 1093 confugerant,
710 1012 785 1073 haud
802 1016 916 1093 majore

241 1092 344 1153 fiducia
370 1091 529 1160 moenium,
552 1113 638 1168 quarn
664 1112 821 1156 armorum.
846 1094 916 1163 Jam

240 1172 413 1234 admovebat
430 1191 504 1239 rex,
524 1191 591 1231 curn
610 1189 689 1233 vates
710 1191 828 1233 monere
846 1192 916 1235 eum

241 1253 349 1329 coepit,
367 1271 400 1309 ne
415 1249 614 1320 committeret,
636 1268 684 1309 aur
700 1267 775 1310 certe
790 1248 918 1330 differret

243 1329 429 1396 obsidionem,
453 1326 527 1389 Vita
548 1330 607 1407 ejus
624 1326 775 1410 perieulum
794 1330 920 1396 ostendis

244 1412 309 1471 Rex
317 1407 544 1485 Demophoonta
555 1411 598 1484 (is
609 1428 732 1486 namque
741 1426 818 1471 vates
829 1414 915 1484 erat)

242 1491 378 1558 intuens,
397 1486 422 1549 si
444 1487 653 1567 quis,·inquir,
671 1507 698 1547 te
722 1486 846 1549 arritum
869 1490 917 1549 in·

242 1584 390 1637 tentumet
406 1586 473 1629 exta
488 1584 658 1645 spectantem
672 1566 714 1625 sic
730 1566 887 1645 interpeller
902 1588 929 1642 ,··

242 1669 299 1717 non
310 1645 449 1716 dubitem,
464 1646 528 1724 quin
545 1644 730 1705 incommodus
741 1665 774 1705 uc
786 1643 919 1707 molestus·

245 1726 335 1789 videri
355 1724 406 1785 tibi
422 1723 539 1804 posssit.
554 1724 668 1784 Etcum
682 1725 731 1785 ille
749 1724 790 1784 itu
804 1744 918 1803 prorsus

234 1804 367 1885 futurum
384 1805 569 1883 respondisset
585 1826 594 1874 ;
617 1802 780 1874 Censesne,
799 1805 917 1883 inquit,

246 1903 341 1944 tuntas
357 1904 421 1954 res,
438 1904 492 1943 non
504 1881 636 1962 pecudum
641 1880 733 1961 fibros
747 1900 811 1944 unte
826 1883 920 1945 oculor

246 1962 359 2024 habenti
370 2006 380 2032 ,
400 1960 483 2024 ullum
503 1983 566 2022 esse
586 1964 674 2040 majus
697 1960 920 2042 impedimentum

247 2062 329 2122 quum
351 2058 442 2103 vatem
462 2040 657 2121 superstitione
681 2044 824 2121 captum?
853 2045 919 2107 Nec

247 2123 351 2182 diutius
364 2144 450 2198 quarn
460 2121 603 2197 respondit
617 2138 762 2189 moratus,
780 2119 919 2183 admoveri

247 2203 327 2281 jubet
343 2197 436 2259 scales
448 2223 459 2258 .·
471 2198 721 2274 cunctantibusque
737 2199 836 2267 ceteris
850 2221 920 2261 eva·

249 2281 292 2341 dit
303 2279 331 2338 in
342 2299 467 2340 murum.
484 2278 613 2355 Angusta
626 2278 702 2335 muri
717 2297 824 2337 corona
838 2298 921 2341 erate

248 2380 313 2421 non
330 2359 422 2436 pinnae
436 2358 507 2417 sicut
519 2356 586 2417 alibi
597 2355 741 2435 fastigium
751 2355 810 2433 ejus
824 2357 922 2417 distin-

248 2455 371 2513 xerant3
391 2436 438 2497 sed
452 2455 586 2513 perpenna
602 2434 692 2494 lorica
708 2434 829 2497 obducta
842 2454 924 2497 tran·

251 2522 337 2581 situm
352 2534 483 2593 sepserat.
498 2517 595 2593 ltaque
609 2534 660 2573 rex
672 2512 794 2575 herebat
804 2518 922 2597 magis,

251 2620 340 2679 quarn
355 2599 445 2656 stabat
459 2595 489 2653 in
507 2594 656 2673 margine,
678 2593 781 2670 clypeo
798 2596 928 2673 undique,

253 2675 406 2741 incidentia
432 2675 488 2734 tela
515 2674 680 2751 propulsans
697 2692 707 2744 ς
728 2692 796 2733 narn
816 2674 922 2752 ubique

252 2756 365 2819 eminus
380 2775 418 2815 ex
434 2755 553 2815 turribus
571 2755 727 2829 petebatur.
743 2752 817 2813 Nec
830 2754 923 2815 subire

253 2837 358 2898 milites
368 2837 521 2912 poterant,
538 2834 603 2908 quia
617 2849 735 2908 superne
751 2832 779 2893 vi
797 2833 923 2898 telorum

253 2917 457 2989 obruebantur,
477 2913 609 2983 Tandem
627 2910 856 3004 magnitudinem
873 2930 926 2993 peu
950 2932 953 2938 ·

733 3009 825 3098 §sii
