2625 4017
382 570 419 627 94
484 562 512 618 a.
547 564 738 619 retrusa.
772 561 963 616 suintune.

384 670 460 719 eaque
471 670 526 704 cum
543 652 601 717 ipsis
618 650 705 717 coquis
722 666 749 703 et
765 650 974 719 cupediariisrcgi
989 652 1059 703 dono

385 722 527 780 mittebat3
552 736 663 784 tanquam
685 716 851 769 benemerenti
870 718 973 783 gratiam
992 722 1059 770 rela-

386 804 458 846 tura,
477 787 496 836 si
517 786 606 837 muniit
623 803 746 836 armorum
769 789 858 835 strettun
877 786 1060 852 fatigatumque

385 854 493 906 Asiatici
510 857 580 904 luxus
590 852 687 903 deliciis
697 852 829 916 exciperet.
845 852 882 902 At
896 851 941 904 ille
951 856 1060 917 prudens

386 920 597 985 intemperantiam
617 921 678 985 gule
692 920 753 970 seria
769 918 882 971 tractanti
902 919 1086 984 intempesti„

387 1006 444 1040 vam
453 1005 517 1046 csse,
533 984 709 1037 benevolentia
719 986 817 1052 quidem
826 985 940 1037 muliebri
953 987 1061 1037 comiter

386 1056 479 1123 gratias
494 1055 563 1120 egit3
582 1069 689 1105 ceterum
703 1072 750 1105 non
766 1055 896 1105 attinuisse
912 1054 1061 1118 respondit,

386 1138 415 1175 tet
422 1141 467 1189 pro
477 1126 524 1190 ipso
533 1124 722 1180 sollicitasset,
733 1122 842 1173 meliores
852 1120 949 1173 habente
958 1138 1060 1189 coquos,

386 1191 472 1258 quibus
484 1193 560 1258 ipsum
573 1191 630 1241 olim
641 1190 787 1256 pedagogus
804 1199 861 1238 suu's
877 1188 994 1240 Leonidas
1009 1190 1062 1238 ins·

388 1259 506 1309 traxisset
522 1276 532 1319 ‚-
549 1258 580 1306 ad
594 1258 724 1323 prandium
742 1256 790 1306 iter
807 1256 1003 1315 antelucanum,
1028 1255 1062 1306 ad

388 1341 481 1376 coenom
490 1323 592 1389 frugole
603 1322 741 1389 prandium·

425 1392 493 1439 Cau.
509 1392 552 1439 IX.
568 1390 624 1438 Jam
642 1403 697 1437 tota
711 1389 788 1437 ferme
806 1384 878 1437 Caria
894 1385 921 1437 in
937 1386 1062 1442 ditionem

388 1454 524 1507 Alexandri
536 1469 701 1510 concesserant
717 1455 759 1503 aed
770 1468 844 1516 caput
858 1454 927 1518 regni
944 1453 1065 1506 Halicar-

388 1538 472 1572 nassus
487 1522 557 1571 firmo
573 1521 685 1585 prasidio
703 1522 840 1571 tenebatur.
863 1525 948 1586 ltaque
964 1521 1063 1572 diutur-

388 1604 443 1640 nam
461 1586 614 1638 obsidionem
633 1592 687 1638 fote
699 1590 858 1649 coniectans,
878 1605 1034 1641 commeatum
1051 1624 1062 1648 ‚

392 1671 415 1708 et
425 1658 564 1714 machinas,
581 1659 670 1723 quaead
687 1657 880 1724 oppugnationem
894 1658 1062 1723 pertinerent,

391 1723 494 1776 navibus
510 1723 537 1775 eo
554 1725 676 1791 deportari
691 1725 782 1781 iubet3
805 1722 856 1786 ipse
879 1738 933 1772 cum
952 1721 1064 1786 pedestri

390 1789 499 1841 exercitu
517 1788 604 1854 quinto
614 1790 645 1839 ab
660 1790 717 1839 urbe
727 1788 808 1839 stadio
818 1803 896 1837 castra
912 1788 1063 1839 communit·

389 1857 488 1907 Deinde
503 1872 584 1906 muros
602 1858 714 1906 adoreum
732 1859 795 1917 juxta
811 1869 927 1918 portam,
946 1872 992 1920 qua
1008 1858 1068 1933 Mp-

391 1924 452 1973 lares
470 1922 590 1981 iterent,
612 1923 746 1987 improvisa
764 1921 943 1986 oppidanorum
961 1936 1066 1998 eruptio

391 1989 489 2053 excepit
500 1991 557 2042 :sed
575 1991 752 2041 Macedonibus
767 1988 866 2039 sortiter
877 1990 1065 2039 conserentibus

377 2066 508 2117 'manum‚
525 2056 666 2122 quibusdam
677 2073 774 2110 suorum
785 2055 877 2107 amireis
890 2058 954 2107 ltaud
971 2067 1067 2120 magno

393 2124 497 2189 negotio
515 2124 599 2182 rejecti
610 2140 677 2174 sunt.
694 2124 767 2174 Pauci
778 2123 866 2173 deinde
876 2124 929 2174 dies
945 2125 1067 2173 intercer-

391 2206 491 2243 eerantt
509 2207 562 2240 cum
574 2192 714 2241 Alexander
731 2192 826 2251 objecta
837 2207 878 2253 spe
891 2189 1069 2256 Myndensium·

392 2256 487 2321 oppido
498 2274 541 2321 per
555 2258 724 2321 proditionem
736 2258 851 2321 potiundi
864 2295 872 2315 ‚
891 2274 965 2307 nocte
976 2257 1070 2307 intem·

391 2340 460 2391 pecta
470 2342 524 2375 cum
534 2340 603 2388 parte
614 2324 740 2389 copiatum
752 2323 928 2388 proficiscitur.
943 2325 989 2374 sed
1000 2323 1068 2376 nihil

392 2408 512 2460 quoquam
523 2408 661 2451 movente,
675 2395 774 2442 admota
791 2390 860 2456 gravi
878 2408 995 2441 armatura
1010 2408 1068 2441 mu·

393 2477 447 2511 rum
460 2459 549 2509 suffodi
567 2458 671 2524 imperat
681 2478 687 2510 ε
698 2476 774 2523 neque
788 2457 852 2508 enim
867 2459 944 2508 scalas
960 2473 1001 2508 aut
1014 2475 1070 2509 ma-

392 2525 476 2577 clines
493 2526 627 2582 attulerat,
646 2544 700 2578 cum
719 2524 877 2592 oppugnandi
895 2526 1003 2577 consilio
1022 2542 1070 2575 ur-

392 2594 447 2644 itcm
458 2610 508 2642 non
524 2594 674 2645 accessisset.
685 2597 717 2644 Et
734 2593 772 2643 illi
790 2591 888 2657 quidem
899 2609 944 2644 una
958 2591 1068 2643 turrium

393 2661 488 2721 dejecta
499 2696 507 2719 ‚
528 2659 590 2710 nihil
600 2676 683 2711 tamen
698 2675 846 2725 aperuerunt
854 2659 906 2709 loci
917 2696 924 2717 ‚
941 2677 989 2725 quo
1000 2659 1070 2711 intra

392 2741 586 2793 perrumperent.
604 2731 667 2777 Nam
682 2732 747 2778 forte
762 2726 796 2777 ita
813 2727 955 2792 prociderat
970 2727 1069 2787 turris,

392 2808 421 2844 nt
435 2811 504 2859 quam
515 2810 639 2844 murorum
655 2809 748 2858 partem
764 2808 828 2844 nans
843 2808 1001 2858 protexerat,
1016 2809 1070 2844 non

392 2858 473 2912 minus
489 2860 554 2910 ruins
571 2860 671 2925 sopiret.
687 2862 808 2924 civesque
826 2877 917 2912 summa
927 2877 975 2924 ope
992 2861 1071 2911 reaia·

392 2928 480 2980 rebant
493 2946 499 2975 e
514 2941 540 2975 ct
556 2928 584 2978 ab
601 2927 853 2978 Halicarnassensibus
868 2928 1070 2989 adjuvabantur,

393 3012 457 3063 quos
470 2993 557 3047 audito
568 2994 656 3047 vicine
669 2993 777 3047 civitatis
792 2994 924 3061 periculo,
939 2994 1072 3048 maritime
