2625 4017
344 580 397 633 15²
519 562 563 643 Q.
601 561 838 624 CURTII

340 663 479 722 orientem
490 681 556 722 eam
566 663 712 724 moderate
726 679 754 722 et
766 661 914 741 prudenter
925 660 1007 737 tulitq

341 742 375 798 ad
391 742 525 801 ultimum
539 742 765 821 magnitudinem
777 742 837 819 ejus
846 760 905 801 non
921 743 1022 818 cepitae

339 818 418 879 Tum
432 820 546 897 quidem
563 821 601 880 ita
619 842 648 881 se
665 822 769 902 gessit,
785 838 815 880 ut
829 840 930 879 omnes
942 839 1007 881 ante

337 917 406 958 eum
419 917 499 978 reges
510 917 539 959 et
548 900 723 960 continentia
736 917 765 960 et
780 899 932 959 clementia
942 901 1011 960 vin·

335 995 477 1038 cenentur.
495 978 627 1055 Virgines
643 980 721 1038 enim
732 978 822 1058 regias
838 979 1008 1039 excellentis

335 1055 435 1115 sormae
452 1074 511 1116 tam
522 1075 616 1117 sancte
627 1056 745 1126 habuit,
767 1058 888 1133 quamsi
903 1058 1008 1119 eodem

333 1154 394 1211 quo
404 1134 463 1212 ipse
474 1154 590 1214 parente
600 1139 701 1217 genitae
713 1137 806 1197 forent
822 1157 831 1195 t
847 1136 1005 1217 conjugem

335 1212 482 1284 eiusdem,
498 1236 584 1293 quam
593 1218 672 1289 nulla
683 1215 770 1276 etatis
780 1236 833 1275 suae
844 1214 1006 1291 pulchritu-

333 1291 400 1352 dine
408 1294 632 1371 corporisvieit,
644 1295 715 1355 adeo
725 1294 784 1371 ipse
795 1314 854 1352 nou
864 1297 1006 1366 violavit,

334 1388 367 1430 ut
376 1393 518 1433 summam
529 1374 686 1434 adhibuerit
694 1395 809 1441 curam,
821 1393 857 1432 ne
867 1375 927 1450 quis
937 1396 1015 1452 cap-⁸

333 1450 396 1510 tivo
406 1453 519 1529 corpori
529 1453 678 1514 illuderet:
696 1473 800 1513 ornnem
810 1449 911 1512 cultum
921 1452 1004 1521 reddi

325 1525 446 1604 feminis
464 1531 562 1610 jussit3
582 1553 635 1592 nec
656 1532 808 1609 quidquam
826 1551 862 1591 ex
883 1532 1005 1609 pristinae

332 1606 451 1669 fortunae
466 1611 676 1704 magnificentia
690 1610 826 1687 captivis,
850 1629 949 1688 praeter
966 1612 1004 1671 fi·

330 1686 444 1748 duciam
454 1690 551 1753 defuit.
563 1691 661 1768 Itaque
671 1688 856 1770 Sysigambis‚
871 1710 942 1759 rex,
957 1691 1003 1750 in·

330 1766 414 1841 quit,
433 1768 568 1838 mereris,
588 1788 619 1829 ut
636 1789 669 1828 eu
684 1788 826 1849 precemur
845 1767 916 1838 ribi,
939 1788 1002 1842 quce

329 1842 423 1904 Dario
434 1863 529 1907 nostro
543 1846 677 1925 quondam
686 1864 805 1927 precare
817 1866 921 1909 sumus.
938 1846 978 1908 Et
991 1889 1002 1921 ,

328 1938 359 1979 ut
375 1922 475 1994 video,
494 1924 595 2004 dignus
606 1947 656 1995 es,
671 1925 716 2006 qui
726 1931 830 2005 tanturn
841 1946 931 2005 regern
943 1948 1000 1990 nort

320 1997 464 2073 felicitate
477 2002 586 2072 solum,
606 2004 657 2065 sed
674 2004 758 2065 eriam
775 2003 902 2083 aequitate
917 2026 1000 2085 supe·

326 2078 446 2144 raverit.
456 2079 498 2142 Tu
508 2082 615 2161 quidem
625 2102 747 2145 matrem
755 2103 816 2153 me,
831 2101 858 2142 et
868 2085 998 2165 reginam

326 2177 411 2218 votas
423 2185 433 2218 .·
444 2159 495 2221 sed
506 2181 557 2240 ego
573 2184 616 2223 me
631 2160 846 2238 ruamfarnulttm
855 2183 917 2222 esse
928 2184 998 2224 cort-

316 2234 415 2315 fiteor.
422 2234 463 2298 Et
467 2241 618 2320 preterire.
618 2240 743 2317 fortune
744 2239 896 2321 fastigium
905 2242 997 2322 cupio,

325 2333 354 2375 et
365 2318 514 2397 presentis
523 2319 620 2410 jugum
629 2320 689 2401 pari
702 2339 810 2400 possum
822 2346 832 2379 .-
845 2337 891 2380 tua
904 2320 996 2381 inrer-

325 2412 389 2464 est,
410 2413 537 2475 quantum
556 2418 586 2459 m
600 2419 651 2459 not
666 2398 795 2467 licuerit,
816 2398 842 2458 si
856 2398 885 2459 id
900 2399 996 2479 potius

323 2471 490 2545 clementie,
511 2496 591 2554 quarn
601 2476 713 2538 sevitia
723 2477 767 2539 vis
780 2497 841 2537 erse
852 2496 998 2543 tertarum.

322 2551 386 2612 Rex
397 2551 494 2614 bonum
504 2556 624 2617 animum
635 2555 736 2617 habere
751 2576 798 2617 eas
811 2556 897 2631 jussit.
909 2558 993 2619 Darii

323 2630 424 2692 deinde
436 2632 527 2693 filium
540 2638 620 2696 collo
629 2657 681 2696 suo
693 2635 831 2698 admovit.
842 2638 938 2714 Atque
949 2640 995 2697 ni·

322 2708 364 2769 hil
381 2711 432 2771 ille
450 2732 603 2790 conspectu
624 2714 834 2792 tunc,primum
853 2736 870 2775 a
887 2736 918 2777 se
937 2717 994 2778 visi

322 2790 510 2860 conterritus,
535 2794 676 2854 cervicem
697 2794 756 2872 ejus
775 2793 906 2855 manibus
923 2816 992 2856 arn-

321 2868 468 2942 plectitur:
482 2890 577 2931 motus
585 2892 655 2953 ergo
665 2892 714 2933 rex
723 2872 880 2934 constantia
890 2874 993 2950 pueri,

320 2944 553 3026 Hephaestionem
563 2952 695 3026 intuens,
713 2970 792 3032 quarn
804 2948 924 3023 vellem,
940 2955 992 3015 in-
