2625 4017
394 579 431 631 &n
498 569 526 623 J.
560 572 750 624 FR'EINSH.
784 572 975 624 SUI‘PLEM.

396 663 436 713 nis
451 661 571 713 laboribus
590 676 656 711 tutos
671 676 715 711 uos
724 661 780 724 fore
793 678 931 727 persuasum
948 659 1042 711 habetis·
1057 694 1068 717 ,

396 746 481 779 uereor
500 745 527 779 ne
542 744 682 795 magnopere
696 728 857 793 decipiamini.
874 730 972 779 Etenim
988 733 997 787 (
1006 728 1066 793 quod

396 795 539 856 abominor)
556 795 782 860 Philippouictore,
796 796 834 845 eui
843 813 888 845 non
898 795 995 845 dubium
1010 810 1065 850 est,

395 863 455 927 quin
467 878 537 927 neque
550 878 610 919 vos,
624 876 694 925 neque
708 862 828 927 qnisquam
838 863 977 912 Gracorum
993 861 1068 911 liber·

396 944 474 979 tatem
486 930 549 980 tueri
562 928 661 995 possitis
671 933 744 986 (narn
758 930 782 977 in
785 930 837 990 fide
846 929 950 999 Philippi
960 930 1066 979 multum

398 1012 525 1061 reponere,
540 1012 621 1047 eorum
630 1007 684 1051 est,
701 997 740 1060 qui
751 996 829 1061 perire
839 996 935 1057 velint>
950 1010 976 1045 ot
986 997 1008 1045 si
1022 1012 1067 1046 nos

397 1062 505 1111 uictoria
525 1061 672 1129 respexerit,
692 1063 747 1127 quid
763 1061 791 1111 ab
804 1062 952 1121 bominibus,
970 1079 1027 1127 quos
1042 1064 1067 1112 in

398 1143 506 1180 extremo
520 1129 610 1180 salutis
623 1142 692 1192 atone
707 1129 836 1196 dignitatis
852 1130 990 1179 discrimine
1003 1130 1069 1180 dese-

400 1196 518 1253 rueritis,
529 1197 709 1262 exspectandum
718 1195 895 1261 uobisputetis,
907 1196 1065 1248 considerate·

328 1312 335 1321 ,
400 1263 470 1317 Nam
485 1279 632 1327 quercumque
649 1261 847 1312 vobissententia
864 1264 968 1319 sederit,
988 1263 1067 1313 Acba-

400 1330 522 1380 niensibus
537 1346 598 1381 certe
614 1329 693 1378 omnio
707 1330 826 1394 experiri,
846 1347 914 1395 nepus
930 1329 1067 1383 libertatem

396 1398 468 1463 prius
481 1412 551 1460 quam
565 1398 643 1445 vitam
658 1396 769 1446 amittere
782 1397 901 1447 decretum
915 1411 960 1446 est.
986 1398 1068 1458 Quan-

399 1479 471 1527 quam
484 1464 557 1511 etiam
566 1462 660 1513 viribus
671 1479 718 1512 non
732 1464 860 1525 diffidimus
870 1484 877 1511 :
889 1463 971 1527 ouibus
986 1467 1007 1513 si
1017 1482 1068 1515 ves-

401 1544 456 1578 trss
470 1531 586 1585 sociatis,
604 1531 724 1595 conpuncti
739 1531 819 1595 utique
832 1531 962 1597 superiores
977 1532 1067 1584 erimus

401 1596 482 1651 inosti,
498 1598 536 1645 eui
550 1597 642 1663 singuli
646 1613 717 1663 pares
725 1613 773 1648 esse
780 1615 914 1663 possumus.
926 1598 983 1647 Non
994 1598 1067 1665 igno-

384 1680 484 1727 ramus
499 1666 631 1730 potentiam
651 1670 699 1729 ejus
721 1664 891 1721 Athenienses,
914 1680 984 1729 quom
1009 1669 1067 1717 olim

401 1746 537 1781 nascentem
561 1747 767 1797 augescentempue
790 1733 949 1797 previdimus
955 1751 967 1795 ,-
985 1748 1026 1791 et,
1047 1732 1069 1784 si

400 1797 487 1848 ceteris
495 1798 637 1848 Graecornm
652 1800 731 1849 eadem
746 1814 811 1849 mens
819 1799 926 1863 suisset,
942 1816 1068 1867 procare-

402 1881 495 1914 ramus.
506 1863 558 1914 Diu
566 1866 627 1915 enim
636 1865 724 1917 bellurn
734 1884 786 1917 cnm
796 1884 820 1917 eo
826 1870 960 1934 gessimus,
977 1883 1024 1917 non
1039 1868 1068 1918 de

401 1931 558 1998 Amphipoli,
576 1948 618 1981 ont
633 1934 770 1993 Haloneso,
785 1951 813 1985 ut
823 1936 940 2000 plerisque
956 1934 1067 1985 eredeba-

401 2013 468 2058 tur‚·
488 2000 527 2048 sed
538 2016 583 2065 pto
597 2002 675 2050 solute
690 2017 712 2052 et
727 2001 836 2053 libertate
852 2002 956 2053 Graeeiae
970 2022 978 2048 .·
996 2002 1068 2053 donet

396 2066 514 2128 ¹destituti
529 2066 558 2117 ab
575 2067 701 2125 omnibns,
719 2085 735 2116 a
751 2070 873 2120 nonnullis
887 2070 961 2121 etiam
979 2088 1072 2137 oppug-

401 2134 457 2183 nati
472 2168 481 2189 ,
499 2148 581 2197 pacem
594 2137 749 2186 neeessariam
767 2138 844 2205 magis
861 2153 928 2201 quum
946 2138 1068 2187 honestam

396 2200 511 2264 fecimus·
524 2200 569 2250 Sed
584 2218 665 2257 nune,
684 2204 780 2269 opinor,
796 2221 883 2269 preses
898 2204 962 2253 artis
976 2220 1067 2255 nostrae

402 2268 539 2324 Minerua,
562 2282 584 2318 et
599 2267 690 2333 Apollo
703 2272 805 2336 Pythius
815 2273 922 2337 patrium
939 2270 1005 2320 nobis
1020 2290 1068 2322 nu·

401 2350 471 2390 men,
485 2334 599 2399 ceterique
609 2335 751 2385 Graecorom
761 2336 806 2385 Dii
814 2353 953 2403 aperueruut
968 2342 1048 2390 oculos
1059 2373 1067 2397 ,

402 2418 426 2452 et
436 2401 602 2451 invindictam
611 2404 685 2452 auitae
694 2403 814 2453 libertatis
821 2406 959 2470 populorum
969 2424 1068 2456 suorum

403 2469 498 2519 animos
511 2469 628 2520 excitant.
649 2472 718 2521 Certe
732 2472 858 2521 Herculem
877 2489 923 2522 non
938 2474 987 2523 sine
1001 2475 1068 2523 indi·

399 2536 516 2602 gnatione
537 2536 609 2586 uerbo
632 2539 766 2604 legatorum
788 2539 907 2589 audiuisse
927 2540 1065 2597 arbitror,

396 2602 512 2669 ,Philippo
521 2603 617 2670 stirpem
626 2604 656 2653 ob
666 2605 708 2655 illo
718 2603 769 2656 Deo
778 2608 941 2671 repetentium.
952 2608 995 2657 llle
1005 2610 1067 2659 enim

395 2684 516 2735 agnoscat
526 2668 607 2727 Deus,
618 2671 722 2721 omnium
731 2674 877 2739 religionum„
882 2689 1049 2725 contemtorem
1058 2695 1068 2738 ‚·

402 2736 520 2792 Gratus,
531 2737 701 2799 Macedonem,·
711 2753 856 2805 tyrannum,
867 2757 938 2798 osor,
950 2744 1067 2806 punitor,

401 2802 550 2867 exstirpator
565 2804 703 2868 tyrannidis
721 2807 731 2851 !
750 2804 827 2857 Nullo
845 2808 907 2856 enim
925 2810 973 2858 alio
991 2826 1069 2877 argn-

402 2882 482 2918 mento
494 2868 600 2919 clariora
609 2884 667 2919 sunt
680 2871 793 2923 Herculis
804 2890 881 2939 opera.
893 2874 929 2923 At
943 2876 984 2926 ille
998 2877 1069 2927 Grn-

401 2936 466 2983 eiom
479 2935 601 2985 dominatu
605 2937 695 3004 premit
702 2956 712 2999 ;
730 2939 867 3003 quibusdam
877 2942 949 2991 etiam
959 2943 1070 2993 ciuitati-

396 2999 447 3054 bos
468 3002 607 3055 domesticos
628 3018 745 3072 tyrannos
764 3007 894 3076 imposuit,
916 3009 1069 3066 Plilistidem
