2625 4017
324 529 357 599 'aa
423 537 451 592 ι.
485 538 679 590 rnnrusn.
712 534 903 591 suurltit.

246 652 249 657 ·
324 642 458 691 eorumque
474 642 518 702 per
534 643 596 689 quos
609 624 721 676 revocati
737 629 851 683 fuerant,
869 624 997 689 opprime·

324 694 434 744 bantur·
449 692 490 756 qui
506 694 573 742 nulla
586 709 629 757 spe
643 691 728 742 salutis
743 692 868 757 reliqua
850 710 869 741 sr
881 694 997 742 Macedo·

322 778 365 822 pes
373 762 432 811 urbe
441 759 594 823 potirentur,
605 756 686 836 patria
696 758 770 809 ruinis
780 758 850 809 obrui
861 760 994 818 malebant,

323 845 396 895 quam
413 826 481 877 illius
496 825 694 877 incolumitatem
711 845 754 877 suo
772 825 874 877 interitu
890 843 994 876 emere:

323 911 350 947 et
364 912 392 944 er
408 894 559 944 Boeotarchis
574 894 734 944 nonnullos
727 910 753 943 ιιι
769 893 901 943 consilium
916 910 996 944 traxe·

322 976 386 1014 rant.
409 964 553 1025 Quantaque
569 960 696 1011 hominum
710 961 828 1011 vecordia
842 960 937 1019 luerit,
952 960 998 1010 vel

322 1029 380 1080 hinc
401 1028 520 1094 cognosci
541 1043 641 1091 potest,
660 1029 728 1093 quod
744 1029 908 1078 Alexandro
905 1043 998 1090 postu-

322 1097 414 1154 lante,
434 1113 462 1147 ut
479 1097 618 1161 defectionis
633 1112 743 1147 auctores
761 1098 887 1152 dederent,
907 1094 999 1172 modus

321 1134 441 1241 capitibus
458 1180 548 1215 omnem
562 1164 673 1213 civitatis
689 1180 777 1213 noxam
791 1163 929 1239 expiaturi,
947 1159 997 1224 ipsi

322 1229 433 1282 vicissrm
443 1229 568 1279 Philotam
583 1246 609 1280 et
623 1228 782 1293 Antipatrum
798 1227 922 1293 principes
936 1227 1000 1277 ami-

320 1315 407 1350 corum
418 1297 484 1361 regis
492 1295 653 1377 deposcere
633 1310 683 1345 sant
692 1294 757 1354 ausi,
773 1311 798 1345 et
807 1311 850 1360 per
859 1312 997 1359 praeconern

321 1363 499 1431 pronuntiare,
515 1366 537 1414 si
551 1366 590 1429 qui
604 1382 657 1414 cum
671 1381 759 1431 magno
773 1381 827 1430 rege
842 1379 865 1414 et
879 1364 999 1414 Thebanis

321 1434 466 1483 Graecorum
476 1431 611 1483 libertatem
621 1433 737 1481 adversus
747 1446 877 1497 tyrannum
892 1446 999 1482 asserere

321 1502 435 1555 vellent,
458 1515 496 1549 eos
510 1498 576 1565 apud
596 1497 686 1548 Tlrebas
701 1498 839 1574 perfugium
853 1497 998 1548 habituros.

320 1567 376 1617 Nec
393 1580 475 1615 tamen
493 1562 658 1614 Alexandri
651 1563 756 1626 imperio
780 1579 919 1628 oppugnata
939 1564 999 1613 urbs

321 1647 380 1692 est3
398 1632 459 1691 sed,
476 1647 503 1681 ut
519 1628 783 1707 Ptolemaeustradidit
803 1638 878 1691 (num
898 1630 999 1694 quidam

321 1699 397 1751 aliter
417 1706 531 1759 narrant)
549 1698 697 1756 Perdiccas,
716 1696 798 1761 quiin
816 1714 844 1748 ea
859 1712 998 1750 castrorum

315 1783 391 1832 >parte
401 1767 502 1816 curabat
512 1801 519 1824 ‚
530 1782 581 1828 qua
589 1767 664 1815 vallo
668 1763 776 1814 hostium
786 1781 852 1829 ‚quo
863 1765 998 1817 Cadmeam

313 1835 488 1890 incluserant,
506 1832 610 1881 obversa
626 1847 695 1890 erat,
712 1846 763 1881 non
777 1846 908 1909 expectato
922 1833 998 1898 signo

314 1901 440 1965 -impetum
458 1899 484 1948 in
501 1916 543 1949 eos
558 1898 642 1949 fecit:
663 1914 824 1977 superatoque
841 1897 998 1951 munimento

318 1985 407 2020 manus
421 1985 475 2017 curn
485 1966 555 2016 hoste
565 1982 693 2023 conserere
703 1968 794 2029 coepit
788 1999 795 2023 ,
810 1982 836 2017 ct
843 1967 998 2032 Amyntam,

313 2035 364 2100 oui
381 2051 434 2085 com
452 2051 494 2084 sua
509 2034 635 2084 cohorte'
629 2050 696 2095 juxta
716 2033 795 2097 ipsum
817 2034 953 2093 tendebat,
970 2051 1000 2086 ut

278 2144 280 2148 ,
320 2102 389 2153 idem
407 2102 521 2160 auderet,
539 2103 653 2165 exemplo
668 2101 801 2165 permovit.
816 2103 878 2149 Mox
889 2103 999 2153 Alexan-

318 2172 368 2220 der
378 2168 427 2219 suis
436 2168 540 2223 timens,
553 2186 610 2219 cum
617 2184 678 2218 tota
687 2167 810 2231 copiarum
822 2170 888 2218 mole
899 2169 998 2230 adfuit,

315 2252 352 2288 et
374 2238 460 2288 leviter
483 2237 587 2287 armatis
605 2253 772 2312 perrumpere,
791 2237 883 2301 satisque
904 2241 998 2291 auxilio

316 2306 361 2358 ire
375 2302 460 2364 jussis,
482 2301 533 2364 ipse
545 2319 599 2352 turn
613 2302 713 2367 reliquis
733 2318 779 2365 pto
793 2302 860 2351 vallo
873 2304 999 2357 substitit.

320 2371 388 2422 Acri
408 2384 522 2420 conserto
545 2368 633 2434 proelio
649 2368 796 2427 Perdiccas,
817 2368 901 2418 dum'
894 2371 999 2423 interius

317 2438 417 2489 sallum
434 2435 554 2493 molitur,
569 2435 679 2502 graviter
688 2436 781 2486 saucius
791 2453 870 2501 pugna
880 2438 995 2502 effertur,
991 2460 999 2473 ·

326 2521 352 2556 et
369 2503 521 2555 Cretensium
539 2503 722 2569 sagittariorum
740 2503 828 2560 multi,
848 2522 902 2553 cum
919 2509 1001 2572 Eury·

319 2573 385 2623 bota
395 2573 456 2621 duce
469 2588 512 2620 suo
523 2571 623 2621 cadunt.
637 2570 746 2619 Thebani
761 2571 894 2632 perculsis
887 2588 997 2632 instant,

325 2655 351 2690 et
372 2639 402 2687 ad
416 2639 583 2687 Alexandrum
603 2636 779 2702 refugientes
772 2653 939 2701 insequuntur.
959 2639 999 2689 liri

318 2722 380 2756 reum
397 2722 437 2754 rex
451 2706 567 2754 instructa
578 2705 697 2769 phalange
713 2704 833 2767 dispersos
843 2721 869 2755 et
883 2708 999 2756 turbatos

322 2771 432 2823 hostium
452 2771 568 2820 ordines
565 2771 713 2827 invaderet3
731 2771 813 2820 statim
828 2790 896 2821 versa
910 2790 998 2838 pugnas

317 2842 439 2895 s'orruna,
455 2853 521 2887 tanta
531 2839 701 2888 Thebanorum
712 2836 844 2902 trepidatio
854 2840 916 2897 fuit;
930 2856 957 2889 ut
966 2857 998 2892 ne

319 2907 357 2954 ad
373 2921 455 2968 portas
468 2906 583 2967 quidem,
599 2922 642 2968 per
657 2904 749 2970 quasin
760 2907 842 2955 urbem
857 2925 882 2956 se
898 2923 998 2969 recepe-

317 2988 397 3038 runt,
413 2972 997 3050 occludendasrueutecompeterent:sirnulgui
