2625 4017
391 590 452 656 402·
566 575 899 656 ·Q.cuar11

386 678 484 765 gladio
506 678 665 758 amputavit
686 702 694 739 ε
713 698 793 741 vetus
812 676 937 756 Philippi
958 676 1067 752 miles,

387 760 541 837 multisque
557 760 665 819 bellicis
682 760 812 837 operibus
829 760 933 820 clarus.
954 758 1065 821 Hella-

385 842 472 906 nice,
489 862 549 916 quae
561 839 755 899 Alexandrum
770 838 962 907 educaverat,
979 860 1068 901 soror

388 921 468 996 ejus,
491 918 564 977 haud
582 940 661 980 secus
677 940 763 997 quam
779 936 870 978 mater
887 940 905 977 a
916 938 983 998 rege
995 920 1065 978 dili-

386 1002 515 1081 gebatur.
532 997 582 1057 Ob
601 996 650 1058 has
667 1018 762 1058 causas
780 997 983 1058 validissimam
1003 1000 1064 1057 im·

387 1078 458 1157 perii
472 1094 581 1154 partem
595 1077 660 1137 fidei
672 1077 731 1147 eius
742 1077 890 1153 tutelaque
901 1079 1064 1140 commisit.

385 1159 508 1233 Jamque
520 1156 573 1215 iter
581 1176 678 1236 parare
688 1155 718 1214 in
730 1174 867 1235 postemn
881 1156 991 1235 iussus,
1011 1179 1062 1216 so-

385 1236 475 1299 lemni
496 1255 524 1296 et
545 1238 716 1314 tempestivo
738 1235 885 1295 adhibetur
907 1236 1063 1296 convivio.

385 1318 419 1378 In
437 1337 494 1393 quo
513 1336 562 1375 rex
579 1337 646 1375 cum
663 1314 755 1374 multo
775 1314 934 1374 incaluisset
951 1337 1060 1385 mero,

386 1393 558 1456 immodicus
568 1396 720 1456 estimatur
732 1394 794 1463 sui,
816 1394 979 1462 celebrate,
1000 1418 1063 1472 que

384 1492 506 1555 gesserat
521 1512 531 1542 ‚
546 1474 652 1552 coepit3
668 1473 761 1555 gravis
772 1472 859 1533 etiarn
869 1493 972 1533 eorum
984 1475 1064 1534 auri·

384 1557 455 1623 bus,
471 1552 520 1629 qui
535 1555 691 1613 sentiebant
702 1573 770 1613 vera
783 1552 949 1613 memorari.
964 1552 1060 1612 Silen-

383 1632 457 1693 tiu'm
470 1652 566 1693 tamen
581 1632 703 1693 habuere
716 1632 839 1692 seniores
850 1674 860 1701 ,
883 1633 977 1691 donec
989 1631 1062 1691 Phi-

381 1713 454 1789 lippi
481 1733 629 1773 resersus
658 1715 809 1780 obterere,
835 1709 954 1771 nobilem
984 1708 1060 1784 apud

384 1790 562 1853 Cltaeroneam
574 1791 719 1852 victoriam
735 1789 779 1850 sui
791 1788 980 1870 operisfuisse
998 1792 1061 1867 jac·

382 1870 475 1943 tavit3
497 1870 684 1949 talentumque
698 1867 752 1929 sibi
772 1868 948 1949 malignitate
964 1887 992 1929 et
1010 1870 1061 1929 in-

381 1947 461 2012 vidia
471 1948 558 2028 patris
570 1966 655 2009 tantae
667 1948 709 2008 rei
715 1947 847 2027 gloriam.
858 1946 940 2007 illum
948 1948 1059 2026 quidem

381 2027 520 2089 seditione
532 2028 603 2088 inter
611 2026 783 2089 Macedones
794 2027 917 2095 milites,
930 2045 957 2086 et
968 2025 1060 2088 Grae-

380 2127 429 2168 tos
443 2107 628 2167 mercenarios
638 2125 697 2167 orta
710 2126 722 2178 ;
742 2105 913 2167 debilitatum
927 2105 1059 2178 uulnere,

379 2184 451 2267 quod
474 2186 505 2246 in
524 2208 558 2246 ea
578 2185 800 2246 consternatione
815 2206 983 2266 acceperat,
1005 2188 1058 2265 ja-

380 2264 495 2335 cuisse,
517 2287 570 2327 non
584 2265 657 2326 alias
673 2285 752 2343 quam
768 2264 944 2325 simulatione
955 2266 1059 2327 mortis

380 2344 531 2418 tutiorem;
550 2366 581 2405 se
598 2365 695 2424 corpus
713 2345 775 2423 ejus
787 2345 944 2425 protexisse
962 2344 1060 2426 clypeo

378 2444 428 2484 suo
439 2466 450 2493 ,
471 2443 631 2503 ruentesque
643 2424 673 2483 in
687 2422 764 2483 illum
775 2445 826 2484 sua
840 2446 920 2484 nanu
933 2425 1059 2489 occisos.

370 2498 453 2660 ssuae
460 2523 569 2583 patrem
579 2524 716 2583 nunquam
728 2524 801 2582 atquo
813 2505 903 2563 anino
915 2524 978 2564 esse
989 2526 1060 2564 ton·

391 2602 506 2651 essum,
532 2583 649 2643 invitum
669 2580 737 2662 filio
765 2582 906 2644 debentem
935 2582 1057 2643 salutem

377 2680 468 2722 suam.
481 2659 576 2740 Itaque
583 2682 647 2743 post
661 2660 884 2739 expeditionem,
898 2683 979 2742 quam
991 2663 1058 2723 sine

376 2759 408 2800 eo
418 2738 539 2817 fecisset
554 2741 612 2820 ipse
625 2741 654 2800 in
667 2740 798 2819 Illyrias,
816 2743 948 2803 uictorem
960 2742 1057 2816 scrip-

374 2818 449 2880 sisse
460 2841 490 2879 se
498 2821 572 2899 patri
580 2861 589 2890 ,
597 2818 681 2895 fusos
691 2818 860 2901 fugatosque
870 2820 975 2881 hostes.
987 2818 1056 2883 Nee

373 2897 501 2973 adfuisse
519 2921 634 2978 unquam
648 2898 820 2979 Philippum.
837 2898 934 2959 Laude
950 2900 1054 2979 dignos

371 2994 453 3049 esse,
464 2998 519 3039 non
530 2979 574 3059 qui
585 2976 794 3058 Samotbracum
808 2979 892 3043 initia
904 2979 1056 3053 viserent,
