2625 4017
489 570 683 637 LIBER
722 562 845 643 virt.
943 592 999 664 463

322 673 402 755 ¹bern.
422 668 508 736 Meas
528 677 600 735 enim
616 696 745 738 noveram
762 676 862 748 viret,
883 679 1002 741 nondum

328 757 458 833 'expertus
472 772 537 814 tuas
551 752 715 829 :fortiorem
727 776 789 816 erre
799 773 826 817 re
839 800 849 826 ,
870 755 934 817 ieiii
952 757 1003 820 do'·

327 835 387 895 tuit
397 850 520 897 euentus.
532 832 589 895 Sed
599 856 633 894 ne
645 835 688 896 ric
698 836 806 916 quidem
813 849 912 917 parunt
921 834 1001 912 felix

327 929 409 982 rutn5
427 912 565 974 secundus
580 910 643 977 ribi.
663 913 769 976 Rursus
789 917 999 998 interrogatus,
1071 957 1077 964 ·

325 991 392 1073 quid
402 991 461 1071 ipre
472 992 604 1054 victorem
614 1010 735 1054 statuere
747 992 843 1054 debere
855 1014 999 1071 censeret3

324 1070 396 1151 quod
416 1070 487 1142 iit,
507 1073 620 1151 inquit,
641 1071 703 1133 dies
724 1072 776 1132 tibi
797 1072 894 1134 suadet
915 1102 925 1134 .·
947 1095 998 1153 quo

325 1167 457 1230 expertus
477 1171 528 1221 es,
551 1166 630 1231 quam
648 1152 753 1212 caduca
765 1149 896 1227 felicitas
911 1171 999 1218 esset·

324 1229 391 1290 Plus
407 1231 553 1291 monendo
564 1231 705 1308 profecit,
723 1251 810 1310 quam
829 1232 852 1291 ri
868 1231 997 1309 precetur

323 1329 406 1369 esset.
432 1308 548 1388 Quippe
571 1310 797 1392 magnitudinem
820 1311 909 1372 animi
933 1313 996 1392 ejus

323 1387 502 1459 interritam,
523 1411 558 1451 ac
573 1410 610 1450 ne
626 1392 739 1451 fortuna
756 1390 870 1467 quidem
886 1392 994 1453 infrac-

322 1486 405 1537 tam,
424 1488 483 1528 non
502 1468 694 1531 misericordia
709 1468 821 1538 modo,
838 1471 885 1530 sed
906 1471 994 1532 etiarn

321 1546 434 1607 honore
448 1549 579 1627 excipere
595 1549 724 1629 dignatus
740 1564 792 1610 est.
804 1545 925 1628 AEg'runt
940 1571 993 1611 cu·

320 1626 395 1689 ravit
408 1625 481 1687 haud
492 1647 591 1697 secus,
603 1650 689 1705 quant
701 1628 723 1686 si
735 1647 787 1703 pro
797 1626 859 1704 ipso
869 1649 993 1711 pugnas·

320 1724 364 1767 set
374 1728 382 1765 t
394 1707 595 1767 confirmatum
607 1721 706 1767 contra
722 1724 800 1782 spem
813 1708 946 1770 omniunt
961 1708 991 1768 in

317 1785 481 1848 amicorum
499 1806 650 1847 numerum
669 1784 775 1864 recepit
787 1808 796 1846 t
809 1805 880 1846 mox
896 1787 991 1848 dona·

317 1865 361 1929 vit
372 1867 513 1945 ampliore
524 1883 726 1947 regno,qua·m
735 1865 838 1927 tenuit.
847 1864 913 1928 Nee
922 1885 990 1936 sane
1049 1927 1053 1936 ,

316 1943 470 2023 'quidquam
499 1947 647 2029 ingenium
675 1946 736 2025 ejus
764 1945 909 2016 solidius,
940 1963 991 2008 aut

316 2027 492 2088 constantius
515 2026 633 2096 habuit,
656 2047 744 2103 quam
768 2026 989 2094 admirationem

317 2119 392 2165 'verae
411 2107 500 2169 laudis
522 2121 550 2167 et
563 2105 663 2188 gloriae
683 2121 692 2165 ε·
713 2105 868 2180 simplicius
891 2124 989 2165 tamen

315 2184 425 2244 famam
441 2186 595 2245 estimabat
604 2185 633 2244 in
649 2183 752 2251 hoste,
766 2203 851 2259 quarn
867 2183 896 2241 in
913 2184 989 2245 cive.

318 2262 435 2338 Quippe
445 2286 461 2324 a
471 2264 525 2324 suis
536 2263 665 2325 credebat
674 2262 898 2342 magnitudinem
906 2281 987 2323 suam

315 2340 419 2401 destrui
427 2364 508 2420 posse
517 2364 527 2415 3
536 2342 668 2404 eamdem
678 2341 915 2412 clarioremfore‚
928 2359 987 2419 quo

315 2421 440 2502 majores
453 2423 589 2494 fuissent,
605 2443 677 2502 quos
687 2420 746 2501 ipse
756 2419 882 2487 vicisset.
994 2455 997 2460 ·

605 2671 695 2760 xiib

602 2752 699 2871 'muQ
