2625 4017
322 570 354 627 ςϊ
428 555 456 618 J.
490 561 679 619 F'R'EIN'SH.
713 561 902 617 summ

317 665 409 708 ‘recent
427 651 518 719 religio
533 667 691 716 permoverat
707 668 715 702 s
731 650 786 716 quia
799 651 906 701 militurn
922 646 998 717 quoi.

321 725 377 774 dam
395 720 541 772 Cabirorum
558 723 659 777 fanum,
684 719 749 784 quod
765 734 821 770 ante
838 720 920 770 urbem
938 734 996 776 est,

316 789 429 855 'spoliare
444 802 594 855 aggressos,
613 784 694 836 hibita
707 801 838 850 tempestas
852 786 998 837 fulminibus

322 873 351 908 et
370 856 470 907 flamma
494 854 588 904 coelesti
613 868 791 906 consumserat.
810 853 915 906 Relicto
941 868 998 903 sunt

322 922 397 975 eriam
413 922 510 988 effigies
526 936 676 985 statumque,
700 918 776 979 Diis,
798 922 841 971 rel
855 919 997 972 hominibus

320 991 418 1042 virture
433 987 649 1055 praecellentibus,
664 1003 707 1051 ptr
715 988 779 1036 loca
787 988 886 1066 puhlica
900 988 998 1054 positas.

321 1056 502 1121 Proditumque
511 1055 696 1112 estruemoriae,
713 1055 785 1103 fuisse
795 1056 836 1119 qui
850 1054 915 1106 inter
926 1071 1000 1105 cons-

322 1123 492 1177 ternationern·
502 1122 737 1187 eaptediteprequc
749 1122 815 1172 urbis
829 1140 913 1174 aurum
924 1122 949 1172 in
965 1121 1002 1171 si-

316 1201 368 1244 'nus
382 1208 424 1243 aut
431 1190 536 1241 auricula
550 1204 682 1241 stantarum
693 1189 849 1249 abdiderina3
868 1190 941 1256 idque
951 1191 1000 1239 sai-

322 1277 382 1311 vum
391 1257 544 1323 repererint,
559 1275 613 1306 cum
624 1255 746 1321 vinesimo
756 1273 813 1319 post
822 1274 885 1307 anuo
896 1261 1002 1309 Cassan·

322 1330 368 1378 der
391 1326 553 1389 Antipatrir
538 1323 603 1373 filius
623 1309 744 1374 Thebas
738 1339 894 1375 instauraret.
921 1325 1000 1386 Quod

323 1393 422 1469 quidem
432 1403 481 1443 n'on
497 1408 546 1442 tarn
556 1389 750 1441 misericordia
743 1407 768 1440 ιιι
783 1396 901 1457 profugos
911 1392 1001 1442 fecisse

323 1459 454 1518 ereditur,
477 1475 549 1523 qusm
573 1473 611 1509 ut
618 1458 779 1517 Alexandri,
792 1476 863 1524 quem
885 1460 973 1509 oderat
994 1496 1009 1520 ,.

323 1526 432 1594 gloriam
450 1528 605 1577 detrectaret.
631 1528 774 1604 Quanquam
791 1542 871 1576 autem
888 1542 1000 1576 veterem

324 1611 458 1645 murorum·
467 1591 584 1643 ambitum
600 1592 654 1643 urbi
673 1592 834 1647 restituissent
852 1608 930 1658 neque
944 1611 1002 1642 mo-

318 1675 366 1713 ‘res
386 1661 521 1728 antiquos,
537 1677 615 1725 neque
637 1664 759 1710 fortunam
780 1662 881 1710 reddere
904 1660 1004 1723 potuit.

317 1731 456 1794 'Nunquam
475 1744 561 1793 postea
577 1728 729 1787 resurrexit,
752 1743 779 1778 ut
795 1731 1009 1780 convalescente

324 1796 369 1847 std
382 1796 467 1847 multis
475 1796 577 1845 subinde
592 1794 884 1854 calamitatihurvexata,
904 1795 946 1846 vix
960 1810 1003 1844 te-

326 1862 380 1914 nuis
395 1861 482 1928 oppidi
496 1862 600 1925 speeiem
611 1864 641 1911 ad
655 1862 797 1912 memoriam
810 1878 920 1913 nostram
936 1862 1002 1913 teti-

326 1929 391 1980 nuit.
398 1930 542 1980 Poenituisse
552 1943 637 1993 postea
646 1933 728 1979 ferunt
738 1931 918 1988 Alexandrum,
929 1930 999 1995 quod

314 1997 416 2066 „excisis
443 1996 535 2047 Thebis
560 1996 632 2047 vel'ut
651 1998 755 2046 alternam
774 1997 873 2048 Greciae
897 1998 1000 2048 oculum

325 2063 439 2115 eruisset.
456 2063 544 2127 Utique
558 2077 687 2128 postquam
703 2063 765 2114 Cliti
783 2066 890 2122 caedem,
907 2079 934 2113 et
947 2067 1008 2113 Ma·

325 2130 470 2182 cedonurn
463 2130 608 2195 ιςιιινίιιιι,
621 2130 829 2193 expeditionem
821 2130 1001 2195 inperitiores

319 2200 401 2250 ‘Indos
416 2196 576 2262 pertinaciter
591 2199 770 2257 recusantium,
790 2203 853 2250 irum
864 2200 943 2251 Liberi
954 2217 1002 2266 pa-

319 2268 376 2317 'trra
385 2279 559 2329 interpretatus
572 2278 626 2323 est,
645 2265 674 2316 oi
689 2267 802 2328 effhesum
816 2269 929 2344 patriam
937 2273 1001 2331 ejus·

326 2335 478 2401 modipoenns
488 2334 623 2400 repetentis.
638 2335 670 2381 Et
679 2331 767 2396 reperti
778 2348 850 2392 runt,
870 2333 911 2397 qui
921 2332 1001 2397 ipsaru

318 2399 391 2477 'regis
409 2413 536 2457 mortem,
559 2413 610 2449 non
626 2398 678 2449 sine
701 2398 817 2450 vindicta
830 2400 946 2458 Baechi,
967 2402 1001 2451 ab

321 2466 451 2517 ebrietate
466 2481 493 2516 et
508 2465 569 2517 vino
587 2471 723 2530 prosettam
743 2470 879 2519 crederent.
898 2467 999 2520 Hister

325 2532 489 2598 perpetratis,
507 2535 619 2584 Adienos
639 2533 728 2592 misit,
749 2536 885 2586 nuntiatum
900 2552 929 2586 ut
945 2553 1004 2586 ora,-

327 2617 410 2660 tnrer,
425 2619 464 2667 pur
460 2603 582 2669 populum
591 2604 707 2654 adversus
716 2605 859 2655 Macedonas
876 2605 1003 2655 concitare

328 2685 376 2720 nnn
386 2669 533 2727 detractent
550 2671 727 2733 tredentinam·
742 2686 785 2720 aut
793 2688 814 2720 ιι
810 2672 881 2721 aiios
889 2685 1003 2723 umrrrert

324 2750 510 2803 gravarentur,
528 2738 606 2788 eadem
615 2739 774 2789 contumacias
783 2739 883 2805 premia
896 2752 1005 2803 expecta-

328 2818 412 2860 rent,
422 2818 521 2879 quorum
536 2806 692 2882 exemplum
683 2820 708 2854 ιιι
722 2804 885 2855 Thebanorum
898 2805 1001 2855 caturni-

328 2883 379 2919 tare
387 2884 557 2947 conspicerent
574 2870 611 2919 lbr
621 2885 678 2919 cum
687 2868 821 2928 Phocion,
840 2886 908 2932 curru
917 2869 972 2920 ob
964 2886 1006 2919 rn-

327 2932 470 2995 tegriratem
485 2935 542 2986 vite
561 2933 665 2986 maxima
681 2939 715 2987 ad
726 2932 845 3001 populum
867 2935 1003 2988 auctoritas

323 3013 407 3075 erat,
434 3018 482 3056 nun
502 3004 653 3058 irritandum
674 3006 837 3062 adolescentis
852 3006 1002 3074 victorisqaoe
