2625 4017
271 658 276 667 ι
450 563 725 645 ῐῘΪΒΕΚΧᾹ
854 585 918 678 Μ

236 689 919 826 WrWWWWWW

233 892 907 962 -strrranvacrruuu
1003 975 1006 980 ,

234 1022 671 1117 finarum
731 1055 759 1118 1.
904 1031 907 1036 ’

302 1248 400 1291 tsnanr
411 1232 470 1292 fere
481 1228 578 1302 diebus
588 1233 731 1295 Cleander
741 1250 770 1293 et
783 1230 921 1303 Sitalces}

300 1326 329 1369 et
357 1330 424 1370 curn
445 1311 598 1391 Agathone
619 1314 756 1373 Heracon
782 1319 919 1389 superve'-

248 1394 352 1457 niunt,
368 1411 416 1466 qur
408 1390 669 1453 Parmenionem
662 1414 735 1461 Jussu
748 1392 820 1471 regis
833 1391 915 1482 occi·b

247 1468 365 1539 derant;
384 1468 507 1545 quinque
519 1472 611 1531 millia
623 1472 748 1548 peditum
759 1491 826 1531 cum
836 1468 918 1546 equi*-

248 1547 322 1606 tibus
338 1549 430 1610 inille.
446 1547 500 1607 Sed
518 1567 547 1608 et
563 1569 738 1611 accusatores
755 1566 833 1608 eose
848 1566 917 1625 pro·

246 1625 363 1692 vincia,
380 1648 426 1687 cur
418 1627 621 1703 praefuerant,
640 1630 826 1706 sequebantur
839 1648 849 1699 3
863 1643 918 1685 nec

249 1704 447 1771 torfacinoras
458 1724 527 1783 quot
535 1707 722 1776 admieranr,
732 1721 918 1797 compensare

240 1800 378 1861 poterant
389 1782 469 1844 caedis
486 1805 622 1863 perquam
631 1804 726 1879 ⁸gratas
737 1786 797 1866 regi
814 1783 917 1843 minis·

246 1863 333 1922 terio.
348 1862 466 1940 Quippe
477 1886 542 1923 cum
559 1867 654 1925 omnia
667 1865 784 1943 profana
800 1864 919 1941 spolias·

245 1960 329 2015 sent3
349 1963 385 2002 ne
397 1943 481 2002 sacris
495 1945 610 2035 quidem
626 1944 840 2005 abstinuerant:
858 1942 918 2003 vir·

244 2022 381 2101 ginesque
407 2038 435 2080 et
460 2024 599 2101 principes
628 2026 799 2083 feminarum
824 2039 917 2097 stupra

243 2120 379 2178 perpessae
392 2121 544 2177 corporum
562 2102 680 2161 ludibria
697 2101 845 2172 deflebant.
864 2102 916 2158 ln-

242 2179 338 2239 visum
353 2180 547 2239 Macedonum
562 2202 669 2241 nomen
686 2179 803 2240 avaritia
814 2198 917 2239 eorum

243 2278 279 2317 ac
291 2257 379 2317 libido
394 2259 516 2318 barbaris
530 2259 645 2321 fecerat
662 2261 738 2319 Inter
754 2278 854 2317 omnes
872 2274 919 2316 ta·

242 2340 315 2397 rnen
323 2338 466 2397 eminebat
476 2337 715 2406 Cleandri-furor,
729 2338 777 2414 qui
786 2336 917 2398 nobilem
949 2373 953 2384 ›

239 2415 386 2494 'virginem
397 2434 606 2494 constupratam
623 2438 704 2479 servo
717 2436 769 2476 suo
781 2416 916 2493 pellicem

242 2495 369 2556 dederat.
381 2494 510 2587 Plerique
523 2496 682 2557 amicorum
691 2495 917 2555 Alexandrinos

242 2591 304 2635 tam
318 2574 491 2643 criminum,
509 2597 569 2653 qua
581 2577 677 2653 palam
686 2574 916 2666 objiciebantur,

243 2652 446 2721 atrocitatem,
466 2676 552 2730 quam
571 2654 742 2714 memoriam
762 2653 848 2712 occisi
865 2670 916 2728 per
934 2712 951 2720 ,,

242 2749 295 2821 eos
312 2731 529 2806 Parmenionis,
552 2733 629 2809 quod
646 2732 763 2792 tacitum
783 2732 915 2823 prodesse

240 2829 281 2870 rer
283 2831 295 2868 s
307 2813 378 2885 apud
390 2832 486 2903 regem
497 2830 626 2889 poterat,
643 2812 846 2870 intuebantur·
858 2807 915 2869 lati
994 2865 1003 2892 Ι,

238 2888 397 2949 'recidisse
387 2911 459 2949 tram
472 2891 501 2949 in
511 2894 558 2951 irae
569 2890 733 2982 ministros,
755 2910 806 2948 nec
816 2890 914 2951 ullam

236 2968 400 3047 potentiam
418 2971 524 3034 scelere
540 2971 686 3051 quesitam
704 2969 838 3050 cuiquam
853 2985 915 3031 esre

899 3407 1074 3531 Γκ
