2625 4017
500 570 687 636 LIBER
728 573 821 641 ΙΙΙ.Ι
941 584 1000 650 '117

322 671 438 738 trabere
456 674 600 755 originem
613 674 740 735 credunt.
758 673 920 755 Omnisque
938 676 1003 740 hue

321 759 406 838 regio
418 756 511 833 paruit
526 755 587 835 regi
599 778 609 815 ε
622 754 748 831 datisque
760 756 921 825 obsidibus,
939 756 1002 816 tti-¹

321 836 418 895 burum
428 877 441 906 ,
459 833 579 914 quodne
597 831 696 892 Persis
715 832 823 909 quidem
841 833 973 895 tulissent
983 845 1000 907 ,'

317 914 442 995 pendere
452 931 487 973 ne
498 931 660 993 cogerentur
671 952 681 979 ,
693 912 923 989 impetraverunt.
938 915 999 977 Ca⁴

321 997 366 1054 las
383 993 450 1055 huic
461 992 571 1085 regioni
590 992 754 1070 praepositus
767 1013 808 1053 est
824 1019 834 1055 r
848 996 924 1072 ipse,
947 1016 998 1055 at-

321 1074 443 1152 sumptis
458 1094 508 1150 qut
523 1091 560 1132 ex
575 1070 747 1131 Macedonia
765 1092 854 1150 nuper
871 1074 999 1137 adven&

321 1171 406 1222 tant,
428 1151 644 1228 Cappadociam
656 1151 749 1225 petiit.

360 1233 439 1293 Cat.
450 1231 490 1292 ll.
502 1232 544 1289 At
552 1230 655 1289 Darius
664 1268 674 1296 ,
691 1227 819 1289 nuntiata
830 1227 999 1293 Memnonis

320 1329 416 1372 morte
430 1309 505 1370 haud
521 1330 599 1369 secus
613 1329 699 1384 quam
712 1328 763 1387 pat
778 1326 858 1379 etat,
878 1329 996 1383 motue;

321 1392 428 1450 omissa
446 1389 528 1449 omni
540 1388 597 1448 alia
617 1405 688 1463 spe,
710 1389 806 1449 statuit
820 1390 879 1466 ipse
894 1391 998 1450 decer-

320 1488 389 1530 nere
397 1491 407 1529 t
415 1468 519 1547 quippe
528 1490 589 1545 quae
599 1484 651 1546 per
660 1468 744 1528 duces
753 1488 817 1528 suos
828 1486 889 1529 acta
901 1478 997 1542 erant,'

320 1567 424 1610 cuncta
436 1549 608 1618 damnabat;
625 1564 720 1616 ratus,
740 1548 863 1625 pluribus
873 1569 994 1621 cutam,

321 1630 456 1689 omnibus
477 1626 597 1686 abfuisse
615 1626 771 1687 fortunam.
789 1627 880 1708 lgitur
898 1628 995 1690 castris

321 1709 356 1768 ad
371 1708 551 1784 Babylonem
564 1705 680 1782 positis,
701 1727 759 1783 quo
775 1706 884 1780 majore
895 1708 995 1767 animo

319 1784 861 1865 capessereutbellum,universasvires
871 1785 900 1843 in
909 1804 995 1845 cons·

319 1886 436 1945 pectum
448 1864 548 1925 dedit:
570 1882 600 1925 et
610 1865 784 1926 circumdato
800 1865 898 1935 vallo,
915 1864 997 1943 quod

320 1947 420 2007 decem
443 1945 569 2005 millium
585 1963 761 2006 armatorum
781 1945 994 2007 multitudinem

321 2042 456 2102 caperet,
473 2023 579 2083 Xerxis
590 2027 724 2102 exemplo
735 2046 885 2085 numerum
895 2025 995 2101 copia-

320 2126 385 2165 rum
404 2105 479 2164 iniit.
496 2103 573 2163 Orto
585 2105 665 2173 sole,
682 2105 716 2163 ad
727 2124 843 2164 noctem
854 2104 969 2184 agmina
981 2141 995 2174 ,

319 2185 391 2244 sicut
415 2183 553 2260 descripta
576 2200 683 2253 erant,
708 2182 847 2245 intravdre
871 2185 994 2248 vallum.

319 2265 389 2325 lude
412 2280 625 2340 occupaverunt
648 2264 749 2324 emissa
775 2264 996 2338 Mesopotamiae

317 2365 461 2422 campos:
477 2343 606 2420 equitum
632 2344 813 2419 peditumque
836 2357 997 2417 propemou

318 2424 388 2483 dum
404 2422 618 2484 innumerabilis
629 2426 729 2490 turba,
746 2422 889 2497 majorem
906 2435 996 2496 quant

318 2523 372 2579 pro
402 2521 525 2564 numero
551 2503 675 2577 speciem
702 2521 813 2581 gerens.
846 2498 994 2561 Persarum

318 2598 401 2642 erant
415 2600 531 2643 centurn
546 2582 658 2649 millia,
681 2580 709 2638 in
726 2581 825 2657 quibus
840 2598 924 2654 eques
939 2579 993 2638 tri·

317 2661 399 2740 ginta
419 2661 511 2721 millia
526 2660 675 2737 implebat.
698 2660 776 2719 Medi
792 2659 891 2718 decem
909 2658 994 2734 equi-

316 2759 404 2811 tum3
424 2741 628 2818 quinquaginta
646 2740 738 2797 millia
756 2738 881 2815 peditum
903 2736 993 2797 habe·-

316 2822 398 2880 bant.
406 2819 598 2880 Barcanorum
605 2819 732 2895 equitum
740 2818 798 2876 duo
805 2816 994 2890 millialueret

316 2898 422 2958 armati
433 2898 621 2977 bipennibus,
636 2899 799 2974 levibusque
813 2897 897 2955 scutis
911 2915 994 2955 cetrae

314 2978 446 3040 maxime
456 2978 582 3057 speciem
594 2976 792 3038 reddentibus:
804 2975 931 3054 peditum
943 2974 999 3048 dea
