2625 4017
322 559 358 628 10'
421 575 449 629 J.
482 576 668 628 rnrrusn.
709 575 894 630 suerrum,

319 681 373 735 opes
385 666 458 743 regiae
471 664 623 717 niterentur
618 666 629 703 θ
642 666 695 733 quis
709 682 833 716 armorum
845 681 918 722 usus,
936 680 990 732 quae

317 733 455 784 audacia'
428 733 507 781 viris
502 732 513 768 θ
524 749 614 797 quanta
622 735 822 800 epuisperniciras
832 748 907 784 ιιιιι.
903 733 914 769 θ
930 748 989 798 quor

319 800 429 852 dierum'
421 800 506 851 ttinere
513 801 656 852 Macedonia
665 802 767 850 distaret
774 801 858 851 Susis.
853 800 864 835 i
875 815 925 864 quae
935 801 990 866 regi

318 883 413 917 morum
429 866 493 922 via,
504 883 605 944 ‘quaeque
619 867 759 919 exercitatio
776 867 900 933 corporis,
916 881 988 931 arque

320 934 397 1000 opinio
418 933 522 983 virtutis
531 934 620 998 foret?
641 934 746 991 Postea,
764 950 820 982 eum
840 932 988 995 deprecante

317 1004 393 1049 fratre
404 1000 544 1048 Memnonis
554 1002 684 1057 Mentore,
700 1001 766 1063 eujus
776 1015 886 1048 sororem
899 998 924 1047 in
934 1016 988 1047 ma·

318 1064 438 1116 trimonio
454 1065 591 1116 Artabazus
609 1035 731 1127 habebat,
750 1083 803 1115 cum
825 1063 890 1115 exuli
893 1064 987 1114 busin

317 1131 421 1198 gratiam
431 1131 545 1184 rediisset
555 1133 654 1193 Ochus,
673 1149 762 1209 eosque
771 1152 784 1183 a
793 1132 909 1197 Philippo
920 1147 989 1195 repe-

316 1213 398 1258 teret3
414 1198 556 1250 Alexander
563 1201 663 1265 legatos
673 1197 764 1249 eximie
774 1198 799 1250 in
809 1199 907 1250 tantilla
916 1214 987 1249 atate

316 1264 412 1317 indolis
424 1266 606 1318 admiratione'
599 1282 633 1316 xta
649 1267 773 1332 perculit,
790 1283 886 1317 utunus
900 1282 987 1317 eorum

317 1331 345 1384 iu
367 1334 415 1384 haec
435 1335 511 1384 verba
531 1349 727 1399 prorumperet:
746 1336 794 1385 Hic
816 1335 910 1401 quidem
926 1349 989 1401 puer

317 1403 445 1477 Magnus
434 1416 468 1451 est
479 1404 549 1463 Rex‚·
564 1418 644 1451 noster
653 1420 726 1459 vero,
744 1403 819 1453 dives.
829 1403 889 1451 Haec
905 1414 987 1451 autem

314 1484 371 1517 cum
385 1484 423 1516 me
425 1467 475 1516 rito
497 1444 595 1531 quidem
610 1484 699 1517 narurae
713 1483 759 1516 sue
782 1468 870 1517 debere
885 1466 987 1517 videre·

314 1548 373 1593 tur,
394 1534 457 1583 haud
472 1532 713 1585 ruinusinstiturioni
729 1534 821 1586 debuit.
839 1536 901 1584 Nam
915 1547 988 1609 pater

314 1599 373 1651 satis
383 1617 488 1665 gnarus,
502 1617 618 1666 quantum
626 1601 799 1665 Epaminonda
808 1601 986 1668 commercium

314 1666 362 1719 srbr
371 1667 660 1746 profrusset,quantoque
669 1671 739 1734 plura
748 1668 903 1735 eloquentra
913 1685 986 1733 quarn

313 1733 340 1787 vi
359 1734 532 1797 confecisset3
548 1754 640 1787 summa
662 1753 718 1786 cura
743 1736 904 1794 incubuerat,
922 1752 987 1787 uta

313 1817 399 1854 tenera
423 1802 505 1853 statim
527 1819 596 1855 etate
617 1803 757 1854 liberalium
781 1804 870 1855 artium
896 1800 988 1855 studiis

313 1870 409 1949 probe
412 1868 570 1923 imbueretur.
590 1870 671 1937 Igitur
687 1870 878 1930 Aristotelem,
881 1870 985 1947 „magni

314 1936 423 1989 nominis
438 1936 632 2015 philosophum,
632 1938 791 2017 ingentibus
806 1936 909 2004 premiis
920 1955 984 1989 evo-

314 2020 397 2057 catum
414 2004 540 2070 perpulit,
562 2023 589 2058 ut
604 2006 679 2058 etiam
692 2024 771 2071 prima
785 2005 911 2059 literarum
932 2006 987 2056 ele-

283 2073 286 2086 '
314 2089 397 2123 menta
413 2090 490 2137 puero
504 2074 622 2125 traderet.
639 2077 695 2124 Nec
710 2072 793 2125 abnuit
808 2074 853 2123 Vir
869 2073 987 2123 doetissi-

314 2156 392 2201 mus,
410 2157 465 2190 cum
485 2139 656 2219 intelligeret,
676 2159 793 2206 quantum
808 2157 871 2193 esset
888 2160 899 2189 a
916 2141 986 2206 prin-

313 2206 383 2272 cipio
402 2223 470 2258 reete
484 2207 571 2258 instrui
586 2209 694 2259 multis
687 2226 880 2274 imperaturum
893 2212 986 2260 frustra

314 2291 362 2341 que
376 2275 500 2325 contemni
510 2293 556 2340 pro
565 2275 665 2340 parvis,
681 2275 733 2327 sine
749 2276 836 2343 quibus
852 2277 881 2327 ad
891 2278 986 2353 majora

314 2346 442 2421 profectus
450 2359 500 2393 ιιοιι
515 2359 588 2395 esset
597 2343 680 2396 Variis
695 2343 783 2395 deinde
797 2344 937 2411 magistris,
957 2359 986 2396 ut

315 2408 378 2460 alius
390 2410 437 2459 alia
448 2426 499 2461 aree
510 2412 665 2471 excellebat,
679 2430 752 2472 usus,
769 2413 901 2463 noumodo
915 2428 986 2462 men-

314 2490 365 2527 tem
379 2478 486 2543 egregiis
500 2478 615 2544 implevit
630 2448 787 2559 disciplinis,
808 2498 893 2532 verum
908 2479 984 2530 eriam

314 2560 405 2608 corpus
420 2546 500 2597 omnis
514 2546 631 2625 generis
620 2547 853 2607 exercitationibus,
873 2548 903 2597 ad
914 2564 984 2598 usum

314 2611 460 2672 bellorum,
484 2630 510 2664 er
528 2613 672 2678 patientiam
689 2615 782 2666 laboris
797 2586 932 2666 edomuit.
952 2631 983 2664 ne

313 2693 366 2755 rum
388 2679 486 2744 quidem
510 2700 601 2731 vacuus
622 2716 631 2739 ,
662 2699 716 2733 curn
741 2683 815 2733 otiari
834 2682 981 2741 videretur3

314 2744 405 2810 quippe
423 2746 490 2808 pila,
509 2750 549 2798 vel
566 2748 698 2800 saltatione
718 2750 804 2811 virili,
818 2765 867 2799 non
882 2765 931 2799 tam
945 2751 985 2800 la·

314 2812 387 2862 xabat
409 2812 536 2873 animum,
555 2833 627 2881 quatu
645 2815 714 2867 seriis
733 2816 857 2883 obsequiis
875 2818 984 2866 membra

314 2881 468 2943 preparabat.

349 2948 418 2998 Car).
433 2950 478 2998 111.
492 2948 625 3014 Postquam
642 2950 731 3001 deinde
745 2966 801 3001 etas
815 2965 841 3001 et
856 2949 983 3028 ingenium

315 3011 437 3079 paulisper
451 3014 583 3077 adolevit,
601 3018 698 3087 jamque
713 3017 877 3071 severioribus
893 3015 985 3071 studiis
