2625 4017
424 579 615 655 LIBER
667 589 744 655 IX.
862 601 921 668 479'

241 691 335 755 ferme
348 691 435 753 stadia
447 693 563 774 singulis
579 693 676 755 diebus
685 693 841 771 procedens
854 734 863 762 ,
888 710 921 756 ut

247 773 415 850 opportunis
444 775 516 834 locis
550 775 657 852 exponi
685 776 800 836 subinde
832 775 923 853 copiae

244 869 372 934 possent.

287 931 366 993 Cnr.
377 929 437 994 IV.
447 930 620 991 Perventum
631 949 691 992 erat
705 932 734 992 in
750 933 923 1014 regionem,

245 1010 347 1087 inqua
368 1010 513 1088 Hydaspes
526 1010 617 1071 amnis
626 1012 743 1072 Acesini
763 1014 923 1073 committi·

245 1108 303 1152 tur.
316 1092 393 1150 Hinc
402 1090 524 1150 decurrit
532 1092 561 1149 in
572 1090 643 1150 fines
652 1092 817 1152 Sobiorum.
829 1091 870 1152 Hi
887 1090 924 1152 de

245 1170 371 1230 exercitu
392 1166 524 1229 Herculis
542 1171 658 1247 majores
677 1191 742 1229 suos
759 1191 822 1231 erse
837 1193 923 1232 com·

243 1266 435 1316 memorant,
458 1268 548 1327 aegros
568 1247 682 1308 relictos
705 1270 767 1310 esre
779 1270 791 1321 ;
815 1249 926 1330 cepisse

245 1326 359 1398 sedern,
370 1347 447 1405 quam
456 1326 511 1405 ipsi
519 1326 689 1390 obtinebant.
699 1328 791 1389 Pelles
798 1328 925 1390 seranum

243 1420 299 1487 pro
310 1426 387 1469 veste
399 1428 409 1479 ;
426 1408 513 1466 clava
524 1428 577 1485 pro
588 1408 647 1467 telo
659 1428 739 1468 erant
752 1412 927 1488 :multaque

244 1487 333 1549 etiam
361 1507 427 1547 cum
455 1484 550 1546 Graeci
577 1508 671 1547 mores
700 1489 925 1561 explevissent,

242 1567 333 1645 stirpis
344 1564 725 1646 ostendebantvestigia.l·lie
733 1570 926 1629 exscensione

242 1648 319 1707 facta
334 1668 369 1707 cc
384 1662 412 1705 et
425 1666 441 1702 ι
453 1644 540 1705 stadia
551 1646 687 1722 processit
700 1687 710 1714 ,
723 1647 925 1725 depopulatus·

242 1737 299 1805 que
311 1727 460 1807 regionem
472 1762 482 1793 ‚
498 1725 634 1802 oppidum
646 1744 731 1801 caput
741 1726 801 1802 ejus
812 1743 925 1789 corona

244 1805 333 1883 cepit.
355 1825 394 1863 xc
409 1802 536 1882 peditum
551 1804 643 1863 millia
661 1805 716 1864 alia
733 1823 802 1886 gens
817 1808 846 1867 in
862 1804 926 1882 ripa·

243 1885 395 1945 fluminum
413 1902 607 1960 opposuerat,
628 1904 714 1961 quam
734 1905 818 1946 amne
836 1904 923 1963 supe·

243 1983 308 2026 rato
321 1965 349 2023 in
366 1964 463 2045 fugam
480 1963 642 2042 compulit,
655 1964 836 2042 inclusosque
848 1985 924 2024 moe·

241 2045 324 2104 nibus
343 2060 498 2125 expugnat.
525 2043 646 2105 Puberes
665 2044 804 2104 interfecti
829 2061 923 2113 sunt,

241 2124 328 2185 ceteri
352 2124 515 2183 venierunt.
538 2122 670 2182 Alteram
696 2123 797 2181 deinde
822 2126 926 2183 urbem

240 2221 403 2283 expugnare
414 2201 547 2267 adortus,
558 2220 719 2280 magnaque
730 2202 759 2263 vi
769 2201 927 2262 defendem-

239 2284 315 2343 tium
332 2282 449 2358 pulsus,
471 2280 584 2339 multos'
600 2279 794 2341 Macedonum
814 2280 927 2344 amisit.

235 2362 297 2436 §ed
311 2380 377 2421 cum
388 2360 419 2420 in
429 2356 579 2421 obsidione
590 2378 814 2435 perseuerasset,
837 2361 924 2439 oppi'·

242 2442 308 2501 dani
318 2442 459 2519 desperata
468 2439 557 2499 salute
564 2439 662 2521 ignem
670 2438 815 2516 subiecere
827 2440 925 2509 tectis,

241 2541 272 2583 se
285 2541 398 2599 quoque
411 2540 445 2579 ac
460 2518 566 2578 liberos
578 2517 773 2599 coniugesque
785 2517 926 2579 incendio

242 2618 383 2661 cremant.
406 2596 496 2675 Quod
507 2617 572 2657 cum
584 2598 637 2674 ipsi
649 2616 806 2679 augerent,
823 2596 924 2659 hostes

242 2680 458 2759 extinguerent,
470 2698 546 2737 nova
556 2677 651 2737 forma
662 2696 762 2757 pugnae
774 2696 845 2739 erat.
855 2678 926 2754 Dc-

239 2758 337 2819 lebant
350 2758 453 2819 incole
466 2758 567 2817 urbem
579 2778 589 2828 3
606 2755 702 2817 hostes
713 2756 921 2818 defendebant:

239 2837 314 2899 adeo
328 2840 415 2899 etiam
431 2852 537 2897 nature
553 2836 613 2914 jura
628 2836 739 2897 bellum
753 2838 784 2897 in
800 2843 920 2898 contra*

239 2916 314 2979 rium
326 2936 429 2979 mutat.
441 2919 502 2979 Arx
512 2934 573 2978 erat
580 2917 677 2994 oppidl
684 2916 807 2988 intacta,
821 2909 919 2994 inquil

236 2998 398 3078 presidium
408 2996 557 3076 dereliquit
568 3020 577 3057 r
588 2996 647 3078 ipse
657 2996 778 3081 navigio
791 2996 919 3066 circutos
