2625 4017
420 552 637 628 LIBER
683 562 729 634 Χ,
860 571 923 646 3²¹⁴

247 661 340 726 ciendi
356 665 507 728 consilium
520 667 639 727 omisit·
660 669 707 728 s'ed
718 664 813 729 exules
822 688 923 750 preter

246 764 317 814 eos,
332 744 386 834 qui
413 744 492 805 ciuili
483 765 568 805 tran
589 765 654 805 uune
679 747 793 837 aspersi
811 767 892 809 ernnr
904 791 918 819 ,

244 821 338 912 recipi
357 822 390 884 ab
413 822 537 883 omnibus
554 764 715 886 [iuncorum
737 824 936 897 ciuitatibus„

246 900 347 994 quibus
364 901 438 992 pulsi
456 919 556 973 erant,
576 902 665 995 jussit.
682 904 718 963 Et
732 902 827 965 Graeci
843 905 920 967 haud

246 980 310 1041 ausi
325 981 476 1058 imperium
492 982 653 1073 aspernari3
676 1004 838 1073 quanquam
854 985 917 1045 sol-

246 1061 405 1121 vendarum
416 1062 515 1140 legum
524 1061 552 1119 id
565 1062 734 1139 principium
746 1080 805 1123 esse
820 1083 920 1123 cense-

248 1139 339 1212 bant3
357 1141 433 1199 bona
445 1160 579 1216 quoque,
594 1162 653 1217 quae
669 1158 822 1211 extarent,
835 1143 920 1203 resti-

247 1217 330 1278 ruere
341 1218 488 1280 damnaris.
500 1217 561 1278 Soli
576 1219 779 1289 Athenienses,
791 1241 851 1281 non
864 1241 919 1281 suae

246 1298 339 1357 modo
352 1337 362 1366 ‚
377 1299 423 1358 sed
436 1298 523 1357 etiam
533 1298 652 1374 publicae
664 1297 789 1359 vindices
803 1299 921 1360 liberta·

247 1378 303 1446 ris,
316 1377 512 1439 colluvionem
524 1374 694 1468 hominum,
711 1378 777 1454 quia
792 1400 865 1469 aegte
876 1380 921 1439 fe·

247 1460 371 1524 rebant,
393 1476 452 1515 non
472 1456 551 1546 regio
575 1455 717 1547 imperio3
739 1457 786 1517 sed
808 1458 920 1538 legibus

247 1536 430 1613 moribusque
439 1536 534 1611 patriis
545 1537 604 1615 regi
613 1536 713 1594 assueti
724 1574 734 1603 ‚
749 1536 919 1612 prohibuere

247 1614 377 1675 finibus:
399 1614 497 1673 omnia
518 1617 611 1690 potius
635 1614 807 1684 toleraturi,
832 1635 920 1704 quam

247 1713 434 1785 purgamenta
443 1693 586 1769 quondam
593 1693 667 1751 urbis
676 1714 747 1760 suae,
759 1694 920 1754 nuncetiam

249 1773 351 1842 exilii,
371 1772 562 1834 admitterent.
582 1771 745 1861 Alexander
764 1772 920 1833 senioribus

248 1852 393 1911 militum
386 1872 416 1911 tn
425 1851 545 1928 patriam
558 1850 695 1920 remissis3
713 1848 844 1911 tredecim
856 1847 921 1909 mil-

247 1927 289 1989 lia
299 1927 436 2017 periurum,
459 1947 485 1988 et
496 1927 547 1989 duo
558 1926 647 1987 millia
660 1927 802 2021 eqwuitum,
815 1948 873 2007 quoe
890 1927 920 1987 in

249 2009 324 2069 Asia
351 2008 508 2076 retinerer,
536 2006 636 2085 eligi
629 2008 736 2085 jussit.
759 2009 922 2069 existimans

248 2089 367 2150 modico
387 2088 511 2147 exercitu
535 2087 680 2147 continere
702 2107 782 2161 posse
799 2088 921 2155 Asiam,
959 2123 962 2131 ·

228 2177 231 2182 '
249 2183 325 2245 quta
338 2168 463 2245 pluribus
483 2166 556 2225 locis
577 2165 701 2240 praesidia
723 2164 922 2242 disposuissete

247 2266 395 2323 nuperque
410 2245 537 2306 conditas
550 2247 651 2313 urbes,
669 2264 736 2319 quas
749 2245 860 2305 colonis
872 2263 922 2303 re-

244 2328 370 2404 plesset,
392 2345 435 2384 res
451 2341 590 2384 renovare
605 2322 781 2400 cupientibus
797 2325 920 2383 obstare.

250 2404 388 2465 Ceterum
401 2404 563 2481 priusquam
574 2420 750 2471 secerneret,
769 2424 839 2479 quos
862 2416 923 2461 erat

248 2500 427 2552 retenturus,
449 2482 536 2541 edixit
546 2499 611 2549 ,ur
637 2498 731 2541 onnes
755 2478 858 2539 militer
882 2498 922 2539 os

249 2560 372 2623 alienum
386 2558 586 2641 profiterentur.
596 2558 694 2621 Grave
708 2559 848 2650 plerisque
863 2577 925 2619 esse

247 2646 456 2717 'compererart
481 2656 509 2698 et
528 2660 690 2717 quanquam
708 2640 748 2713 ips
751 2660 834 2728 orum
852 2639 924 2697 luxu

196 2722 199 2727 ’
245 2737 430 2781 eontracrum
442 2735 518 2787 erat,
530 2718 681 2778 dissolvere
695 2735 791 2776 tamen
805 2717 845 2793 ips
835 2716 925 2776 ede·

246 2815 389 2858 creverat
399 2797 446 2887 illi
464 2816 564 2857 tentari
573 2818 647 2873 ipsos
657 2814 731 2857 ran,
745 2816 806 2871 quo
813 2794 924 2854 facilius

249 2876 314 2937 ab
306 2895 363 2935 tnte
399 2876 420 2934 is
437 2890 596 2935 sumtuosot
585 2877 780 2935 discerneret
796 2912 805 2943 ,
825 2874 922 2949 prola·

250 2956 388 3015 tandoai
379 2973 611 3031 raquanrumextr
615 2975 680 3014 xere
683 2972 714 3014 nt
728 2953 873 3029 temporis
885 2950 925 3012 Et

248 3051 304 3097 reu
316 3034 381 3096 satis
392 3053 493 3115 gnarus
507 3033 677 3115 professioni
693 3033 751 3095 aeris
763 3032 900 3108 pudorem
912 3068 925 3100 ‚

762 3128 833 3191 Χιι
