2625 4017
489 529 680 603 LIBER
731 532 807 607 lle
924 547 984 617 4⁹57

311 634 378 704 dam
393 660 458 703 eam
470 643 618 725 regionem
632 643 764 703 Perdicca
778 664 844 703 cum
854 645 985 724 expeditu

311 739 400 783 manu
424 722 534 794 miss03
555 742 665 800 partem
690 724 837 799 topiorum
861 722 985 785 Eumeni

311 802 415 867 tradit,
432 819 463 861 ut
472 802 495 861 is
503 814 616 879 quoque
624 804 756 862 barbaros
767 802 800 861 ad
809 801 985 863 deditionem

311 882 500 959 compelleret
518 904 526 941 ε
544 882 604 958 ipse
620 895 729 942 ceteros
746 882 780 941 ad
794 883 893 943 urbem
909 881 986 943 vali·

312 962 400 1028 dam,
421 960 450 1017 in
467 981 553 1037 quam
570 959 689 1020 alianum
712 981 825 1038 quoque
842 959 987 1043 confuge*

311 1055 377 1101 runt
399 1040 521 1108 incolet,
542 1038 633 1101 duxit,
656 1037 802 1118 Oppidani
825 1038 915 1100 missis
935 1038 987 1117 qul

312 1140 411 1199 regem
422 1118 658 1196 deprecarentur,
678 1118 863 1180 nihilominus
875 1118 986 1181 bellum

310 1200 459 1276 parabant.
483 1196 600 1275 Quippe
623 1212 684 1258 orta
702 1198 803 1258 seditio
823 1199 852 1256 in
876 1199 986 1259 diversa

311 1276 432 1338 consilia
444 1277 589 1338 diduxerat
598 1278 717 1357 vulgum
731 1300 741 1351 ;
760 1278 809 1337 alii
825 1277 922 1338 omnia
934 1278 986 1339 de·

311 1356 421 1416 ditione
436 1356 573 1434 potiora3
595 1358 709 1434 quidam
724 1359 834 1418 nullam
851 1377 936 1434 opem
953 1356 985 1416 in

313 1435 380 1513 ipsis
396 1456 454 1496 este
465 1437 614 1497 ducebant.
630 1435 685 1497 Sed
697 1436 765 1496 dum
776 1436 846 1497 nihil
861 1437 889 1495 in
903 1457 988 1497 com·

311 1535 401 1575 mune
421 1515 601 1583 consulitur,
642 1516 672 1575 ui
691 1514 828 1575 deditioni
848 1516 986 1577 immine·

311 1595 381 1653 bant
393 1636 402 1662 ,
421 1594 523 1672 apertis
534 1536 744 1670 pottisltostem
754 1594 902 1671 recipiunt.
914 1593 987 1657 Ale

311 1674 420 1733 xandet
445 1693 606 1750 quanquam
637 1672 705 1733 belli
734 1672 896 1735 auctoribus
925 1672 988 1751 iure

310 1769 423 1831 poterat
435 1752 516 1811 irasci
527 1773 537 1825 ς
553 1769 648 1811 tamen
661 1751 793 1813 omnibus
803 1752 887 1814 venia
899 1753 984 1823 dats,

311 1848 342 1891 et
359 1832 498 1892 obsidibus
512 1829 650 1909 acceptis,
666 1832 699 1891 ad
712 1832 873 1909 proximam
885 1831 987 1894 deinde

311 1912 413 1972 urbem
434 1929 523 1971 castra
543 1910 646 1971 movit.
673 1910 793 1972 Obsides
813 1912 988 1974 ducebantur
1041 1913 1045 1918 ’
1107 1901 1109 1906 ’

312 2007 380 2050 ante
395 2010 500 2070 agmen
517 2012 528 2063 ς
545 2011 617 2068 quos
631 2010 727 2052 cume
745 1992 832 2052 mutis
849 1991 986 2072 agnovis-

312 2087 391 2139 sent,
401 2087 499 2147 utpote
509 2070 600 2150 gentis
610 2070 755 2146 ejusdem,
764 2070 793 2128 in
805 2071 986 2147 colloquium

310 2164 556 2209 convocaverunt.
578 2148 624 2207 llli
646 2145 819 2208 clementium
840 2148 918 2227 regis
940 2147 989 2220 sir,

312 2225 421 2303 mulque
436 2225 493 2285 vim
510 2227 789 2295 commemorando,
810 2229 844 2287 ad
862 2227 986 2288 deditio·

311 2327 381 2367 nem
402 2327 452 2366 eos
467 2306 632 2382 compulere
647 2329 655 2366 ε
672 2323 832 2383 ceterasque
846 2309 927 2367 urbes
944 2306 985 2367 si·

312 2387 376 2447 mili
395 2384 483 2445 modo
498 2385 603 2444 deditas
618 2385 647 2444 in
663 2384 748 2445 fidem
765 2387 884 2464 accepit.
905 2386 984 2449 Hinc

312 2466 343 2526 in
359 2486 478 2546 regnum
493 2462 618 2541 Sophitis
632 2482 800 2542 perventum
812 2484 863 2527 est.
878 2464 985 2533 Gens,

312 2565 345 2605 ut
365 2545 500 2613 barbati,
524 2543 660 2620 sapientia
684 2543 824 2613 excellit,
847 2544 986 2622 bonisque

312 2624 440 2684 moribus
460 2623 574 2716 regitur.
591 2620 714 2683 Genitos
731 2623 834 2683 liberos
851 2643 910 2683 non
930 2645 988 2701 pu·t

312 2720 425 2763 rentum
440 2703 555 2764 arbitrio
572 2704 678 2761 tollunt
695 2702 850 2778 aluntque3
872 2704 918 2763 sed
932 2724 987 2764 eo·

311 2804 375 2842 rum
399 2782 499 2859 quibus
521 2782 664 2859 spectandi
684 2781 836 2842 infantium
856 2783 983 2843 habitum

313 2883 379 2922 cura
392 2862 521 2921 mandata
535 2880 586 2921 est.
601 2860 629 2920 Si
642 2882 713 2939 quos
723 2862 847 2941 insignes
864 2880 911 2922 aut
928 2862 986 2920 uli·

310 2960 367 3021 qua
376 2944 571 3004 membrorum
580 2959 657 3019 parte
667 2942 780 3005 inutiles
789 2959 995 3010 notaverunt,-
