2625 4017
389 544 448 623 332'
568 539 612 620 Q.
652 538 894 604 CURTII

388 636 505 721 impelli.
522 635 591 698 Non
607 640 681 700 enim
697 639 803 700 detecto
814 639 947 717 facinore
966 659 1066 705 nomen

388 739 478 781 meum
490 718 629 795 prateriis
641 759 651 788 ,
673 737 703 778 ut
710 736 805 798 posset
816 718 904 779 uideri
919 719 997 779 socio
1010 742 1063 801 pe·.

386 796 532 878 percisse,·
550 795 600 855 sed
612 797 810 866 Nicomacho,
823 817 901 875 quem
911 798 1062 860 taciturum

389 895 493 935 arcana
509 872 542 933 de
560 875 706 955 semetipso
723 874 868 947 credebat,
892 874 1061 951 confessus,

388 952 456 1014 aliis
484 952 664 1022 nominatis,
694 975 736 1014 me
761 974 843 1014 unum
867 953 1060 1017 subtrahebat.

390 1027 522 1110 Quaeso,
546 1030 771 1102 commilitones,
797 1033 823 1092 si
847 1030 999 1094 Cebalinus
1020 1055 1062 1093 me

384 1131 444 1170 non
461 1107 591 1181 adisset;
613 1109 685 1170 nilnil
700 1132 742 1170 rne
757 1109 791 1169 de
810 1111 960 1190 conjuratis
983 1112 1060 1172 scire

387 1187 544 1259 uoluisset;
561 1209 624 1248 num
634 1186 715 1248 lnodie
729 1187 849 1249 dicerem
863 1209 975 1249 causam
985 1188 1060 1250 nullo

388 1287 432 1327 me
447 1265 632 1327 nominante?
648 1266 776 1347 Dymnus
793 1288 861 1327 sane
877 1285 904 1326 et
920 1268 998 1328 uiuat
1011 1268 1062 1328 ad-

386 1344 463 1420 itur,
486 1361 513 1404 et
531 1343 599 1404 uelit
617 1344 684 1404 milti
700 1365 824 1425 parcere.
845 1341 924 1423 Quid
942 1346 1060 1409 cetetil.

388 1422 434 1501 qui
452 1421 485 1480 de
501 1442 532 1481 se
548 1420 765 1501 confitebuntur,
787 1445 828 1483 me
845 1422 977 1484 uidelicet
994 1423 1061 1484 sub-

389 1499 499 1561 trahent
514 1506 527 1560 !
542 1499 675 1580 Maligna
694 1520 737 1563 est
754 1501 900 1562 calamitas
915 1522 927 1573 ;
950 1519 978 1562 et
994 1501 1061 1578 fere

341 1629 346 1635 .
390 1578 511 1647 noxius,
532 1598 593 1639 cum
611 1601 660 1639 suo
678 1579 813 1661 supplicio
833 1579 988 1650 crucietur,
1010 1602 1061 1641 ac-

408 1657 509 1719 uiescit
526 1656 628 1721 aliena.
648 1657 702 1719 Tot
722 1660 847 1729 conscii,
868 1680 902 1718 ne
924 1658 954 1717 in
976 1679 1062 1736 equu-

389 1679 462 1798 leum
484 1735 592 1815 quidem
615 1737 737 1817 impositi
759 1759 853 1799 uerum
867 1734 1062 1811 fatebuntur?

389 1815 476 1893 Atqui
491 1835 569 1874 nemo
583 1816 678 1896 parcit
693 1817 847 1889 motituro;
869 1835 919 1874 nec
934 1816 1063 1893 cuiquam

390 1893 561 1963 moriturus,
584 1911 613 1951 ut
628 1894 732 1973 opinor.
752 1894 798 1957 Ad
819 1914 911 1956 uerum
931 1893 1062 1964 crimen,

389 1990 419 2032 et
433 1970 469 2030 ad
485 1991 566 2031 unum
583 1972 770 2032 reuertendum
786 1972 852 2033 milti
868 1990 920 2035 est.
933 1970 991 2033 Cur
1005 1993 1064 2032 rem

388 2047 511 2113 delatam
521 2047 557 2108 ad
570 2067 597 2109 te
607 2050 747 2111 tacuisti?
763 2072 812 2112 cur
822 2071 877 2112 tarn
887 2071 999 2119 securus
1010 2072 1064 2110 au-

386 2126 484 2189 disti?
501 2126 550 2188 luat
565 2126 755 2208 qualecumque
769 2149 830 2199 est,
846 2128 971 2205 confesso
990 2128 1061 2189 mihi

390 2204 549 2285 ubicumque
562 2227 591 2268 es
605 2205 767 2269 Alexander
786 2249 796 2278 ‚
812 2207 946 2270 remisisti
963 2232 973 2264 .·
989 2206 1063 2269 dex-

389 2304 461 2347 tram
488 2303 563 2345 tuam
588 2284 730 2364 amplexus
759 2285 931 2347 reconciliati
956 2287 1062 2367 pignus

389 2363 502 2433 animi,
524 2363 649 2425 conuiuio
664 2385 763 2442 quoque
779 2364 903 2441 interfui.
919 2360 952 2424 Si
970 2365 1063 2425 credi·

390 2441 460 2507 disti
475 2440 542 2502 milti
555 2485 566 2513 ,
586 2441 726 2503 absolutus
739 2464 799 2503 sum
815 2444 867 2505 :si
881 2444 1028 2522 pepercisti
1047 2463 1061 2515 ,·

390 2520 523 2582 dimissus
533 2520 719 2601 relp'udicium
730 2541 802 2582 tuutn
813 2543 903 2584 serua.
916 2517 994 2601 Quid
1005 2521 1060 2583 ltac

385 2599 514 2679 proxima
525 2618 619 2669 nocte,
638 2621 690 2680 qua
700 2598 847 2679 digressus
858 2622 918 2661 sum
931 2622 948 2660 a
963 2622 1061 2661 mensa

390 2696 457 2747 tua,
466 2677 554 2754 feci?
567 2677 637 2757 quod
653 2699 749 2761 nouum
756 2682 872 2757 facinus
888 2678 1006 2750 delatum
1022 2678 1062 2739 ati

389 2773 417 2816 te
430 2757 547 2817 mutauit
557 2757 678 2818 animum
688 2762 787 2819 tuum?
800 2760 883 2848 gravi
898 2776 995 2838 sopote
1010 2779 1062 2818 ac·

387 2835 560 2913 quiescebam
570 2856 583 2908 ;
607 2856 667 2896 cum
688 2856 731 2896 me
746 2838 828 2899 malos
848 2836 1061 2897 indormientem

388 2912 458 2996 meis
470 2913 578 2978 inimici
590 2913 737 2979 uinciendo
751 2918 919 2984 excitarunt.
933 2913 1016 2979 Unde
1030 2932 1063 2992 eq
