2625 4017
409 527 458 577 IN
494 526 531 587 Q.
568 527 770 578 CURTIUM
820 525 850 578 i..
885 531 907 581 1.
975 550 987 591 ς

317 615 453 680 oportebat
464 609 566 663 instrui.
581 614 666 663 Genus
680 613 710 663 ab
726 616 836 666 Hercule
850 618 993 681 repetebant

316 683 488 733 Macedonum
504 695 595 759 regen
614 679 743 746 Olympias
759 682 898 734 Alexandri
916 702 993 740 mater

316 748 388 801 initis
404 752 452 799 sue
468 762 553 814 gentis
568 749 600 797 ad
614 747 742 798 Achillem
757 750 889 804 referebsr.
911 752 993 806 Puero

316 832 394 883 neque
417 814 584 866 incitamenta
603 815 761 894 exemplaque
780 817 892 883 gloriae;
914 835 994 887 neque

317 883 420 938 virturis
430 880 552 949 magister
565 897 608 933 tut
619 898 765 934 exercitatio
780 886 879 937 deerunt
887 904 894 937 :
902 886 993 954 quippe

317 951 450 1017 Philippus
462 965 535 1013 patet
548 948 672 1001 continuis
685 950 758 1002 bellis
772 968 921 1005 contemtum
935 971 992 1008 auto

314 1020 488 1077 ,lhcedonum
498 1033 599 1083 gentem
612 1016 716 1077 extulit,
734 1035 774 1078 et,
790 1035 874 1072 concta
888 1020 914 1070 in
926 1022 993 1073 ordi·

315 1103 371 1139 nem
380 1083 496 1142 Grecis,
508 1084 791 1137 cunctisfotmidabiletn
800 1086 871 1140 fecit.
878 1088 992 1155 Denique

318 1170 368 1206 non
379 1153 465 1204 tolum
481 1168 585 1215 operum
597 1166 654 1215 post
664 1168 824 1219 regestorum
837 1156 995 1207 fundamenta

315 1220 404 1287 ,posuit
417 1236 426 1279 3
441 1235 529 1271 vuum
545 1218 619 1270 etiam
645 1235 700 1270 cum
722 1221 876 1280 decederet,
893 1222 994 1274 Persico

316 1290 389 1354 ,bello
400 1288 533 1344 intentus,
551 1286 661 1336 delectus
676 1287 810 1346 habuerat,
827 1303 996 1350 commentus,

315 1353 468 1421 pecuniam,
483 1353 617 1405 exercitum
628 1370 757 1418 paraverat
772 1372 779 1413 3
793 1371 818 1405 et
828 1354 996 1407 Parmenionis

320 1440 395 1489 opert
409 1422 461 1484 iam
470 1419 558 1471 Asiam
568 1437 705 1485 aperuerat.
715 1423 760 1472 Sed
772 1422 796 1471 in
809 1440 839 1473 eo
851 1440 930 1474 retum
942 1440 995 1475 mo·

321 1497 406 1542 mento
419 1488 555 1541 subductus
568 1504 622 1545 eet,
636 1504 664 1539 ut
674 1504 700 1539 et
709 1489 811 1540 maxima
820 1491 922 1557 gerendi
931 1491 995 1544 belli

321 1556 430 1612 subsidia
442 1554 515 1615 filio,
530 1572 557 1607 et
567 1556 665 1621 plenam
678 1555 742 1623 gesti
756 1557 862 1623 gloriam
873 1558 996 1626 relinque·

317 1641 383 1677 sets
401 1624 509 1690 quadam
525 1628 628 1675 fortune
645 1623 778 1683 industria,
793 1643 863 1690 quum
875 1643 936 1678 unus
952 1623 995 1679 hic

320 1699 445 1759 perpetuo
463 1691 638 1757 obsequentem
652 1690 701 1745 sibi
716 1690 811 1743 habuit.
826 1693 900 1753 Cuius
917 1691 995 1743 admi-

319 1760 422 1814 ratione
437 1774 490 1809 non
503 1775 590 1823 postea
603 1760 681 1809 modo
694 1794 703 1817 ‚
722 1759 765 1810 ted
780 1760 863 1810 statim
877 1760 906 1810 ab
920 1758 995 1811 initio

327 1826 466 1882 dubitatum
477 1840 532 1886 est,
543 1826 677 1880 rectius-ne
686 1829 766 1885 foret,
774 1843 823 1880 nun
832 1827 997 1893 perAEecidas

321 1910 365 1948 ,aut
379 1895 534 1952 Herculem,
547 1895 591 1944 ted
606 1894 637 1946 ab
647 1894 703 1959 ipso
711 1894 824 1959 protinus
831 1896 914 1955 Jove,
925 1910 995 1947 tanto

326 1960 422 2016 homiui
432 1959 523 2012 divine
531 1959 615 2025 stirpis
622 1960 744 2028 originem
753 1963 872 2013 adserere.
880 1966 935 2027 Ipse
944 1962 997 2028 qui·

328 2030 401 2089 dem,
422 2046 482 2079 eum
500 2030 667 2079 Hammonem
686 2028 803 2095 Libycum
822 2028 922 2088 adiret,
943 2031 997 2091 ejus

327 2096 404 2150 filium
420 2113 447 2147 se
460 2094 581 2160 appellari
594 2096 696 2155 voluit,
718 2112 745 2147 ut
759 2112 843 2161 postea
861 2096 997 2150 trademus.

330 2168 447 2217 Ceterum
461 2166 589 2217 &aconem
602 2165 628 2216 in
643 2163 720 2216 cubili
732 2166 821 2215 matris
832 2172 882 2231 ejus
895 2166 996 2226 visum,

327 2251 392 2300 quem
400 2231 501 2300 Jupiter
514 2232 638 2289 induerit,
652 2248 720 2297 eoque
729 2234 839 2299 genitum
848 2232 928 2295 fuisse
938 2230 998 2283 Ale-

328 2302 467 2356 centnm,
483 2296 557 2348 multi
571 2298 746 2356 crediderunt:
765 2299 890 2350 insomniis
905 2300 995 2359 etium,

330 2366 582 2433 nnrzunqueretponsis
584 2366 658 2429 fidem
666 2367 760 2433 generis
762 2368 859 2430 factam
874 2385 883 2413 :
899 2380 922 2416 tt
941 2382 997 2416 cum

332 2436 454 2502 Philippus
466 2431 574 2500 ¹Delphos
588 2434 739 2484 sciscitatum
755 2434 880 2488 misisset,
899 2434 997 2485 oraculo

330 2502 467 2562 munitum,
482 2513 512 2556 ut
527 2501 692 2549 Hammonem
706 2497 819 2563 inprimis
834 2511 999 2551 revereretur.

332 2569 382 2622 Nec
390 2567 482 2622 desunt
496 2565 539 2631 qui
546 2567 689 2631 fabulosum
698 2568 843 2633 id⁴puidetn5
860 2580 998 2617 nontamen

331 2636 478 2700 aduitmm
486 2635 770 2700 matrisfalsojaceutum
779 2645 891 2682 asserant.
908 2631 998 2699 Quippe

329 2708 423 2772 pulsum
430 2702 538 2771 AEgypti
545 2720 618 2771 reguo
629 2700 790 2754 Nettaueium
799 2733 806 2755 ‚
814 2716 861 2750 uon
869 2733 876 2758 ,
885 2714 913 2750 ut
922 2701 998 2768 vulgo

328 2771 505 2827 ⁴arbitrantur,
523 2768 688 2835 ittAEtIu'opas
702 2770 859 2829 concessisst;
881 2766 922 2818 sed
942 2781 997 2817 tum

332 2839 446 2893 ,adversus
458 2835 512 2886 vim
526 2836 649 2887 Persicum
665 2836 690 2885 iu
699 2836 807 2903 Philippo
821 2836 922 2885 maxime
935 2848 1000 2900 prae·

337 2904 420 2955 sidium
428 2918 554 2971 speraret,
566 2905 592 2953 iu
600 2902 768 2954 Macedonium
776 2917 870 2954 vectum
880 2938 888 2958 ,
898 2898 1000 2967 mugitis

334 2974 466 3042 prestigiis
479 2969 748 3041 illusitstOlympiadi,
765 2966 1002 3089 tantopere-hospitis

410 3044 411 3048 ,
873 3047 894 3097 ¹,
