2625 4017
354 636 358 645 Ι
403 570 432 625 ss
503 564 530 615 ι.
565 563 758 624 retrussi,
789 564 976 616 ιιιιιιιιιι.

401 669 499 710 rentes,
517 666 543 701 ut
558 651 631 701 etiam
641 652 811 717 mysteriorum
827 652 963 711 solemnia,
981 667 1031 718 quae
1046 648 1079 702 it!

401 722 522 773 honorem
536 719 618 768 Liberi
633 718 712 769 Patris
729 718 850 783 precipua
864 719 984 785 religione
1002 735 1077 784 quot⁴

402 787 469 838 annis
484 788 608 837 celebrant
626 824 634 845 ,
653 787 687 835 ob
700 786 824 850 publicam
840 786 982 837 moestitiam
997 786 1075 837 inter·

400 855 538 905 mitterent.
553 856 645 902 Verum
661 852 777 916 cupidine
793 853 853 904 belii
870 853 963 904 Persici
979 855 1079 904 condoe

402 938 459 972 nare
473 919 673 981 Grecisinjurias
688 938 756 996 suas,
772 939 842 985 quarn
857 938 943 986 exequi
936 920 1077 973 maiebat·

401 989 482 1056 Igitur
497 1005 551 1039 cum
560 988 700 1046 Demades,
717 988 758 1054 qui
774 988 899 1066 Philippo
904 1005 1000 1065 quoque
1015 1006 1076 1054 gra

402 1073 441 1107 tus
457 1071 618 1120 acceptusque
633 1024 730 1113 fuerit,
748 1072 833 1119 preces
850 1054 960 1105 civitatis
972 1056 1003 1105 ad
1019 1071 1078 1105 tunt

404 1124 551 1180 detulisset,
572 1121 764 1172 Atheniensibus
781 1121 908 1182 indulsit-3
928 1140 957 1174 ur
973 1123 1077 1175 Demos-

404 1195 494 1248 thene,
521 1193 697 1258 Lycurgoquc‚
721 1205 744 1241 et
761 1192 819 1242 aliis
837 1208 892 1255 quos
911 1192 1078 1257 depoposcerat

403 1260 519 1316 retentis,
538 1274 611 1307 unum
620 1259 788 1308 Charidemum
797 1259 929 1308 inexilium
938 1261 1079 1308 mitterent.

405 1327 452 1377 Ille
466 1326 496 1373 ad
512 1325 597 1373 Persas
611 1339 637 1373 se
653 1322 776 1382 contulit3
794 1339 933 1401 magnoque¹
946 1322 1006 1401 ipsis
1021 1324 1078 1377 usui

404 1392 472 1450 fuit,
486 1393 565 1441 donet
576 1391 608 1439 ob
621 1389 763 1439 libertatem
777 1389 865 1455 linguae
875 1388 965 1439 Darii
948 1407 1036 1468 jussu·
1039 1389 1080 1439 in·

405 1462 522 1510 terfectus
537 1472 584 1508 est.
601 1455 656 1506 Alii
666 1473 761 1521 quoque
776 1473 826 1507 ιιοιι
836 1456 953 1521 postremi
968 1456 1079 1509 nominis

406 1524 471 1584 viti,
488 1524 548 1575 odio
563 1522 630 1588 tegis
644 1524 703 1574 urbe
720 1526 838 1583 deserta,
859 1526 890 1574 ad
909 1525 991 1575 hostes
1009 1525 1080 1576 illius

405 1592 528 1658 profecti,
542 1594 646 1642 multum
662 1590 758 1657 negotii
772 1591 947 1641 Macedonibus
961 1592 1081 1643 exhibue-

406 1676 473 1710 runt.
482 1660 605 1710 Posteum
616 1675 696 1709 rerum
704 1675 822 1723 impetum
831 1675 988 1723 cursumque
1002 1676 1078 1710 nemo

406 1742 529 1792 supererat
546 1728 572 1777 in
590 1726 703 1783 Grecis,
721 1725 763 1790 qui
782 1742 829 1777 aut
841 1727 933 1777 viribus
950 1726 1000 1777 suis
1019 1744 1080 1804 post
1100 1783 1103 1786 ,

407 1796 537 1853 Thebanos
550 1801 559 1856 (
569 1811 672 1859 quorum
682 1795 765 1859 gravis
775 1809 892 1845 armatura
901 1794 1042 1845 celebrisl
1015 1813 1030 1845 o
1032 1795 1079 1845 lim

407 1867 505 1926 suerat)
522 1864 762 1924 autoccupataLcue
765 1861 834 1920 adia,
852 1861 1008 1913 munimentis
1019 1880 1080 1912 con

400 1929 631 2008 .fidetet3Nsmque
643 1928 808 1978 Leucadios
789 1945 837 1979 stru
853 1929 958 1992 oppidi,
979 1944 1004 1978 ct
1020 1947 1083 1994 pro-

408 2013 464 2047 vtso
478 2013 504 2047 ιιι
515 1998 617 2061 longam
633 1995 788 2046 obsidionem
805 2006 941 2046 tomrneatu
956 1999 1079 2058 feroces,

407 2068 470 2115 farne
488 2064 601 2121 domuit3
625 2081 679 2114 tum
697 2063 841 2127 expugnatis
857 2080 906 2127 quae
927 2064 993 2113 circa
1009 2080 1083 2116 erant

408 2132 532 2190 castellis,
549 2131 660 2181 homines
676 2130 821 2181 Leucadiam
836 2131 901 2181 abire
917 2149 1016 2195 passus,
1035 2135 1079 2182 ad.

408 2216 479 2250 aucta
493 2215 538 2263 per
550 2198 661 2264 singulos
671 2198 723 2248 dies
732 2198 907 2257 multitudine,
925 2215 1024 2249 omnem
1035 2217 1081 2250 eo-

408 2284 462 2318 rum
481 2283 569 2330 pentum
585 2264 741 2317 exhausisset.
762 2265 842 2331 Igitur
858 2283 887 2315 ex
903 2267 1079 2330 Peloponneso

408 2350 505 2399 quoque
523 2334 661 2398 legationes
674 2348 808 2391 venenant,
824 2333 991 2398 gratulatum,
1010 2336 1079 2398 quod

408 2401 528 2453 confectis
548 2420 577 2451 ex
596 2400 670 2452 animi
688 2400 808 2453 sententia
832 2400 964 2451 barbaricis
981 2402 1079 2461 bellis,

407 2469 482 2521 etiam
493 2470 635 2521 Grtecorum
650 2469 813 2534 quorumdam
828 2466 983 2518 insolentiam
1000 2484 1026 2519 tt
1041 2487 1081 2520 tc-

407 2538 545 2589 meritatent
555 2538 707 2603 castigasset.
718 2537 844 2593 Arcades,
858 2535 898 2600 qui
908 2537 1029 2586 Thebanis
1039 2556 1081 2587 au-

405 2605 468 2659 xilio
486 2604 562 2656 futuri
585 2618 836 2660 summoverunt,
861 2607 950 2661 duces,
976 2620 1078 2684 quorum

406 2675 524 2725 instinctu
533 2675 564 2723 ad
578 2690 629 2724 eum
637 2674 750 2737 furorem
760 2672 866 2738 prolapsi
875 2686 970 2727 esseut,
990 2675 1078 2739 capitis

407 2758 430 2791 sc
446 2742 636 2793 condemnavisse
653 2739 816 2803 exponebant.
833 2736 886 2786 Elei
902 2737 1009 2790 exulibus
1027 2742 1081 2790 suis

406 2809 510 2859 redarum
518 2824 675 2863 cowmsse,
692 2824 739 2857 non
754 2805 874 2864 obelized,
888 2807 1005 2869 nisiquod
1018 2806 1081 2856 Ale-

406 2876 501 2926 xandro
509 2890 577 2923 caros
585 2876 736 2940 accepissent.
745 2875 776 2921 lit
784 2870 865 2921 AEtoli
880 2887 1057 2922 excusaverunt
1067 2910 1077 2931 ,

405 2942 467 3007 quod
487 2941 512 2990 in
532 2942 609 2991 tantis
625 2942 729 2991 Gracia
750 2940 844 2996 turbis,
865 2941 969 3008 ipsorum
989 2957 1078 3005 quoque

404 3024 465 3076 gens
485 3023 603 3062 nouorum
626 3009 784 3062 catulliacum
806 3023 886 3075 espen
909 3024 957 3061 non
974 3008 1078 3073 suisset.
