2625 4017
395 579 455 640 '444
577 560 621 642 Qa
660 551 904 634 CURTll

386 664 493 745 ¹positae
511 683 592 724 erant
608 666 699 724 trabes
712 662 832 732 valida,
855 660 958 740 quibus
970 656 1076 748 injecta

385 744 523 826 ‘tabulata
533 765 630 804 muros
642 761 672 803 et
683 744 836 823 tegebant,
853 745 881 801 et
897 742 1016 819 pervios
1029 741 1073 802 fe·

385 840 502 907 ¹terant.
524 822 597 882 Hac
623 823 801 883 munimenta
825 822 1074 899 contemplantem

391 903 611 971 ¹Alexandrum,
633 901 801 977 consiliique
820 901 964 962 incertum
976 943 989 970 ,
1011 900 1074 978 quia

393 1003 450 1044 nec
465 1001 599 1043 cavernas
616 982 669 1041 nisi
680 998 783 1061 aggere
799 984 915 1058 poterat
930 980 1074 1057 impleres

394 1082 451 1125 nec
461 1079 604 1122 tormenta
620 1061 702 1120 aliter
714 1059 802 1119 muris
812 1061 968 1132 admovere
980 1059 1074 1138 ;,qui-

396 1142 465 1202 dam
477 1164 493 1204 e
504 1161 587 1201 muro
600 1142 700 1222 sagitta
709 1139 855 1217 percussit.
866 1135 948 1199 Tum
957 1140 1034 1200 forte
1044 1140 1073 1200 in

393 1243 491 1283 suram
508 1220 606 1281 incidit
621 1221 733 1280 telums
749 1218 827 1296 cujus
845 1219 956 1295 spiculo
974 1220 1074 1291 evulso

395 1300 539 1361 admoueri
551 1320 645 1378 equum
656 1299 733 1374 jussit
745 1320 755 1371 3
770 1320 827 1375 quo
836 1305 936 1359 vectus
945 1319 983 1360 ne
1000 1299 1074 1360 obli-

393 1399 465 1461 gato
480 1379 594 1456 quidem
610 1380 751 1446 vulnere,
769 1378 844 1438 haud
857 1378 972 1457 segnius
988 1379 1073 1439 desti·

393 1477 462 1520 nata
474 1460 678 1535 exequebatur.
692 1456 829 1517 Ceterum
844 1475 911 1516 cum
927 1478 993 1518 crus
1008 1475 1072 1519 sau··

391 1538 471 1598 cium
483 1538 637 1614 penderet,
649 1554 789 1597 etcruore
801 1538 906 1598 siccato
919 1533 1074 1618 frigescens

388 1617 495 1681 vulnus
506 1615 672 1698 aggravaret
682 1617 833 1686 dolorem,
850 1616 954 1676 dixisse
964 1618 1073 1691 fertur}

392 1716 425 1757 se
442 1696 550 1773 quidem
566 1696 648 1759 Jovis
661 1693 757 1775 filium
775 1694 852 1763 dici,
875 1693 926 1754 sed
950 1697 1071 1776 corporis

393 1776 464 1855 agri
481 1775 553 1835 uitia
564 1774 680 1837 sentire.
698 1774 770 1835 Non
784 1782 881 1835 minen
897 1791 964 1835 ante
983 1798 1013 1837 se
1030 1796 1075 1838 rc·

392 1856 469 1931 cepit
485 1857 514 1913 in
533 1874 644 1923 castra,
666 1877 752 1934 quarn
773 1861 874 1916 cuncta
896 1857 1046 1933 prospexit
1062 1870 1074 1925 ‚'

393 1952 424 1994 et
435 1957 495 2011 quae
508 1935 569 1993 fieri
588 1936 695 2004 vellet,
716 1935 813 1996 edixit.
831 1934 908 2014 Ergo
925 1935 1001 1995 sicut
1016 1938 1073 1995 im-

394 2029 526 2092 peratum
545 2028 627 2083 erat,
651 2015 700 2073 alii
717 2032 794 2074 extra
811 2017 912 2074 urbem
928 2019 1005 2075 tecta
1024 2018 1075 2076 de¹¹

395 2094 609 2161 moliebantur,
631 2094 833 2174 ingentemque
859 2094 919 2153 vim
946 2096 1074 2155 materia

392 2173 526 2235 faciendo
534 2171 890 2254 aggeridetrahebant221ii
900 2195 1073 2253 magnarum

390 2256 529 2330 ¹arborum
539 2254 644 2329 stipites
653 2254 772 2313 cumulis
782 2253 918 2312 acmoles
935 2275 1073 2315 saxorum

392 2332 424 2393 in
441 2352 575 2395 cavernas
592 2332 770 2410 dejiciebant.
787 2332 909 2409 Jamque
926 2354 1018 2413 agger
1035 2356 1073 2394 at·

393 2430 530 2491 quaverat
548 2434 664 2472 suntme
680 2411 824 2492 fastigium
843 2429 921 2471 terrae
940 2434 950 2484 3
975 2415 1074 2490 itaque

392 2511 482 2553 turres
496 2493 536 2551 cri
558 2494 695 2560 ebantur,
712 2513 772 2567 quae
788 2512 872 2568 opera
888 2492 999 2571 ingenti
1016 2493 1074 2552 mi·

384 2569 477 2633 'litum
498 2513 597 2630 ardore
616 2573 689 2630 intra
710 2591 820 2631 nonum
840 2571 916 2630 diem
937 2573 1071 2633 absoluta

389 2669 465 2712 sunt.
483 2650 528 2709 Ad
547 2672 580 2710 ea
598 2651 713 2711 visenda
730 2670 780 2709 rex
798 2651 926 2708 nondum
945 2652 1072 2711 obducta

391 2729 505 2793 vulneri
516 2731 645 2791 cicatrice
658 2730 809 2807 processit3
824 2729 1000 2805 laudatisque
1013 2732 1072 2790 mi-

389 2809 486 2871 litibus
504 2807 645 2869 admoveri
665 2807 808 2869 machinas
827 2809 904 2885 jussit
915 2828 951 2867 :e
967 2809 1072 2885 quibus
1089 2856 1093 2862 .

390 2885 492 2971 ingens
507 2890 548 2949 vis
562 2891 686 2951 telorum
701 2891 728 2949 in
741 2904 964 2969 propugnatores
981 2888 1072 2951 effusa

388 2988 442 3054 est.
458 2968 601 3058 Pracipue
617 2970 698 3034 rudes
719 2969 820 3032 talium
837 2988 961 3050 operum
976 2983 1075 3046 terreg
