2625 4017
319 556 357 602 μ,
419 536 450 589 s.
484 535 672 591 rarrnsrr.
706 536 897 594 susurrus

320 640 453 688 tempestas
469 623 531 675 eitra
548 642 636 675 noxam
653 626 778 679 detonuit.
797 631 856 689 Quo
874 639 943 680 metu
960 625 1005 681 lla·

318 694 398 745 bereti
408 694 573 750 Macedones,
590 692 664 743 alacri
674 694 780 745 clamore
791 696 861 745 edito
871 732 879 754 ,
889 696 1007 760 impres-

317 762 416 815 aionem
430 760 532 810 fatiant.
546 762 720 811 Procurrentes
736 764 852 813 barbaros
865 762 1003 829 praegressi·

316 847 333 880 a
343 830 431 879 dextro
446 844 523 878 cornu
536 825 657 893 sagittarii
667 829 834 894 frequentibus
843 830 902 880 telis
917 831 1005 881 inces-

317 894 909 960 sebant.ltasineperitulophslanxinsertieern
917 898 1005 957 enisa,

319 980 349 1015 at
364 963 470 1028 primurn
486 980 553 1027 aequo
569 963 629 1011 loco
645 963 781 1015 consistere
797 964 905 1029 potuit,
929 966 1005 1016 haud'

317 1032 432 1097 ambigua
448 1030 557 1081 victoria
573 1031 671 1081 hostem
685 1033 777 1082 nudum
798 1050 840 1083 aut
852 1033 945 1083 leviter
960 1049 1008 1083 ar-

318 1115 412 1149 matum
422 1097 530 1160 disjecit.
539 1098 586 1147 Sed
600 1099 685 1149 eadem
694 1115 732 1148 res
744 1135 752 1158 ,
768 1117 819 1164 que
834 1101 953 1150 barbaros
970 1099 1004 1150 in

318 1166 408 1232 proelio
423 1165 583 1231 prodiderat,
599 1164 624 1213 in
637 1169 694 1231 fuga
708 1167 812 1224 adiuvit.
828 1167 914 1216 Armis
930 1168 1002 1217 haud

318 1250 377 1284 sane
389 1233 483 1284 onerati
492 1248 536 1296 per
549 1247 608 1281 nota
622 1233 680 1282 loca
694 1233 766 1283 facile
776 1233 864 1297 dilapsi
876 1250 944 1284 sunt.
958 1239 1004 1284 lta

318 1300 466 1352 desideratis
481 1318 510 1351 et
533 1299 601 1348 omni
621 1316 721 1350 numero
740 1300 809 1350 mille
827 1301 1001 1367 quingentis,

317 1371 483 1433 ceterosfirga
491 1366 594 1416 abstulit
605 1368 749 1426 emulierurn
758 1384 940 1432 puerorumque
955 1369 1000 1418 in-

317 1435 390 1502 genti
405 1433 582 1491 mulra'tudine,
597 1437 723 1499 predaque
738 1452 781 1498 pro
798 1436 914 1484 locorum
934 1452 1002 1485 con-

319 1502 419 1553 ditione
427 1501 486 1553 satis
495 1502 591 1565 ampla,
600 1502 683 1552 vietor
692 1502 787 1565 potitus
797 1518 844 1552 est.
852 1502 893 1551 sic
904 1519 1001 1566 aperto

318 1570 414 1621 montis
429 1568 496 1619 AEnai
510 1567 631 1627 transitu,
649 1569 676 1618 in
691 1569 809 1618 interiora
823 1569 932 1619 Thracis!
950 1587 1000 1633 pe-

318 1654 440 1688 netratum
457 1652 504 1688 est.
523 1638 602 1686 Lucus
619 1652 656 1686 est
673 1634 698 1685 in
712 1635 744 1685 iis
758 1635 874 1701 gentibus
888 1672 896 1695 ,
919 1654 997 1702 quens

246 1762 251 1770 ,
318 1704 410 1757 Libero
420 1702 488 1754 Patri
497 1703 604 1754 dicatum
614 1703 693 1768 prisca
706 1702 829 1768 religione
839 1704 938 1755 colunt.
957 1704 1000 1755 lbi

318 1790 376 1823 curn
392 1772 533 1823 Alexander
548 1771 651 1822 barbaro
666 1770 717 1820 ritu
730 1770 886 1830 sacrificans,
905 1770 997 1825 vinum

316 1840 368 1890 aris
381 1839 536 1895 infunderet,
550 1853 619 1888 tanta
631 1838 736 1887 flammae
748 1837 785 1887 vis
799 1839 898 1902 erupit,
914 1854 944 1888 ut
954 1856 997 1890 su.

315 1921 404 1973 persto
419 1906 474 1956 adis
490 1905 613 1962 culmine,
630 1904 656 1954 in
666 1906 754 1955 coelurn
768 1905 874 1955 emicare
890 1906 998 1958 videre-

317 1989 369 2027 tur.
379 1975 642 2043 Eosdemsgloriaefinss
651 1975 704 2040 regi
715 1974 819 2031 ostendi,
837 1988 923 2025 omnes
940 1991 998 2025 cre·

317 2041 413 2092 didere.
422 2039 482 2091 Alia
491 2039 594 2092 subinde
603 2056 641 2088 res
649 2038 758 2088 nuntiata
770 2038 860 2102 prioris
876 2041 999 2109 prodigii-

315 2109 391 2161 ridens
414 2107 555 2158 affirmavit·
572 2111 601 2160 ln
617 2105 752 2156 Thracibus
768 2106 809 2170 qui
827 2108 932 2176 Odrysae
951 2126 997 2175 ap·

316 2177 460 2243 pellantur,
479 2175 611 2228 Libethrns
627 2190 698 2223 mons
713 2189 739 2223 et
755 2174 843 2223 ciuitas
861 2191 916 2235 est,
940 2179 998 2227 Or-

315 2243 375 2309 phei
393 2243 515 2296 natalibus
528 2241 621 2306 inclyta
636 2258 643 2290 t
665 2247 715 2306 ejus
731 2259 825 2292 sacram
841 2246 943 2311 effigiem
963 2261 994 2298 sse

313 2329 428 2378 cupresso
442 2312 595 2375 fabricatam
611 2312 688 2359 multo
702 2311 786 2359 sudore
802 2326 929 2370 annasse,
949 2311 996 2377 qui

315 2377 449 2437 viderant,
468 2379 498 2427 ad
508 2391 590 2440 regem
601 2375 717 2425 retulere.
728 2375 767 2423 De
781 2373 994 2440 interpretatione

315 2444 436 2496 sollicitis
451 2444 597 2496 Aristander
611 2440 823 2498 curmisiacum,
837 2447 868 2494 ad
880 2463 917 2497 rer
933 2447 1000 2500 Ale.

314 2515 406 2567 standai
422 2516 540 2580 pertinere
557 2524 716 2567 asseverans,
732 2512 816 2575 quibus
831 2514 994 2566 decantandis

315 2582 410 2632 alumni
418 2582 513 2645 filiique
527 2580 655 2628 Musarum
669 2580 772 2627 multam
793 2580 935 2630 desudarari
957 2601 997 2633 ts.

315 2663 379 2700 sent.
388 2646 492 2696 Triballi
507 2644 590 2696 valida
600 2645 669 2692 natio
684 2658 750 2692 trans
765 2660 875 2693 montem
885 2649 995 2700 AEmum

314 2715 453 2765 colunt.1n
466 2730 510 2762 eos
524 2729 579 2761 eum
595 2712 755 2761 descenderet
767 2711 930 2773 Alexander,
949 2731 995 2768 rex

315 2780 398 2848 gentis
414 2779 552 2844 Syrasusis
567 2776 731 2828 Peucenlstri
748 2777 851 2827 insulam
867 2786 993 2848 confuge.

314 2842 998 2913 rst,expeditioneMacedonismultoantecomperta3

314 2931 388 2979 seque
403 2927 429 2963 et
437 2913 557 2987 quidquid
569 2927 639 2961 atate
647 2912 689 2961 vel
699 2927 755 2960 sexu
771 2913 907 2964 invalidum
919 2933 975 2967 erae
983 2951 1000 2977 ,

313 2983 415 3051 abacto
425 2979 797 3049 mauriannensem,
809 2980 912 3054 Quippe
926 2985 999 3050 Ala,
