2625 4017
515 787 711 854 triten
750 787 795 857 X:
931 803 992 870 559

315 899 390 965 iot,
415 892 502 954 fortes
521 894 598 956 vitoe
622 912 675 971 pro
695 893 836 953 concione
859 888 997 953 donantis

317 976 505 1035 occurrebant
523 973 624 1034 oculis.
642 972 720 1031 Tum
733 970 906 1032 Macedones
915 968 992 1032 divi·

318 1072 372 1114 tros
385 1051 500 1113 bonores
510 1070 630 1129 negasse
640 1052 668 1110 ei
678 1051 854 1128 poenitebat3
874 1048 992 1129 impios·

316 1151 371 1211 que
380 1147 407 1189 et
415 1128 539 1210 ingratos
543 1127 638 1203 fuisse
646 1150 676 1189 se
686 1129 908 1196 confitebantur,
918 1124 991 1204 quod

317 1227 401 1271 aures
419 1210 478 1285 ejus
494 1206 586 1268 debita
603 1206 785 1288 appellatione
794 1203 992 1283 fraudassent.

317 1287 434 1350 Etcum
446 1287 492 1345 diu
504 1306 579 1347 nuuc
596 1287 624 1345 in
643 1288 849 1355 veneratione,
867 1305 943 1346 nunc
957 1284 999 1360 iu,

318 1366 458 1428 desiderio
481 1367 554 1446 tegit
574 1363 737 1440 basiisent3
763 1366 793 1424 in
814 1367 889 1441 ipsos
908 1383 992 1427 verta

317 1444 465 1507 miseratio
493 1461 546 1505 est.
576 1445 746 1506 Macedonia
769 1444 890 1521 profecti
914 1444 991 1505 ultra

317 1522 483 1601 Euphraten
503 1523 603 1582 mediis
621 1523 748 1584 hostibus
764 1519 875 1585 novuin
893 1524 992 1600 impe-

319 1604 396 1665 rium
406 1602 616 1680 aspernantibus
626 1604 770 1663 destitutos
781 1624 810 1663 se
820 1620 881 1662 esse
891 1620 992 1662 cerne·

319 1685 390 1742 bant
402 1704 411 1754 ;
431 1681 490 1740 sine
502 1700 581 1741 cetto
594 1684 667 1762 tegis
677 1682 802 1752 herede,
817 1682 876 1742 sine
887 1679 992 1744 herede

316 1760 401 1840 regni
415 1761 542 1837 publicas
552 1759 624 1819 vites
636 1761 671 1819 ad
689 1781 718 1821 se
729 1780 870 1837 quemque
883 1776 992 1821 tractu·

318 1859 402 1903 tum,
408 1840 487 1899 Bella
498 1838 597 1898 deinde
609 1839 721 1909 civilia,
734 1861 795 1917 quae
806 1855 900 1899 secuta
911 1854 992 1910 sunt,

314 1918 461 1980 mentibus
484 1920 712 2000 augurabantutt
727 1918 852 1987 iterum,
878 1937 932 1977 non
956 1914 994 1978 de

319 2016 406 2075 tegno
418 1994 498 2056 Asia
507 2038 519 2066 ,
534 1995 584 2056 sed
597 1993 631 2056 de
643 2017 707 2085 tege
717 2037 728 2065 ,
746 1996 817 2075 ipsis
828 1994 994 2075 sauguinem

321 2096 387 2138 esse
396 2072 594 2151 suadendum
614 2095 694 2137 noers
710 2074 869 2136 vulneribus
885 2089 995 2134 veteres

318 2153 484 2245 europendqr
495 2153 657 2245 cicatrices,
669 2174 768 2222 serres,
778 2151 901 2222 debiles,
914 2150 994 2242 mnodo

316 2251 409 2316 petua
424 2253 556 2293 mtsstoae
567 2255 583 2292 a
595 2234 672 2309 justo
687 2253 772 2312 rege,
790 2252 861 2291 nunt
873 2248 992 2291 morteu-

319 2331 368 2374 tos
382 2331 431 2390 pro
450 2311 572 2390 potentia
582 2310 709 2386 foriitan
723 2308 856 2370 satellitis
873 2307 993 2385 aiicujus

319 2387 467 2471 ignobilis.
477 2391 538 2450 Has
548 2391 737 2471 cogitationes
744 2388 926 2450 volventibus
932 2405 996 2448 uox

320 2470 503 2547 nupervenit,
521 2489 714 2545 terroremque
729 2468 818 2528 auxit.
837 2467 945 2528 Milites'
960 2466 998 2526 iu·

319 2550 410 2610 armis
425 2549 599 2628 vigilabant:
612 2547 763 2623 Babylonii
773 2548 843 2607 alius
854 2567 871 2606 e
883 2546 992 2614 mutis,

319 2626 395 2689 nlius
408 2628 532 2686 culmine
550 2627 592 2686 sui
607 2628 723 2704 quisque
740 2627 808 2686 tecti
825 2642 994 2703 prospecta-

319 2708 414 2773 bant,
433 2706 511 2782 quasi
522 2706 642 2766 certiora
652 2704 750 2765 visuti.
764 2704 830 2764 Nec
842 2704 993 2781 quisquam

319 2784 431 2850 lumina
442 2784 562 2845 audebat
572 2784 726 2845 accendere
738 2806 749 2855 ;
768 2801 798 2844 et
807 2783 872 2861 quia
885 2783 995 2844 oculo·

320 2883 388 2926 rum
399 2865 524 2924 certabat
534 2884 597 2924 utus
611 2902 621 2931 ,
639 2863 767 2923 fremitus
781 2880 924 2938 vocesque
937 2879 1000 2922 att-¹

321 2944 400 3006 tibus
411 2944 581 3020 captabant:
597 2962 631 3003 ac
647 2942 813 3019 plerumque
824 2960 899 3001 vano
912 2956 993 3000 metu

320 3020 411 3087 territi
426 3023 616 3098 perobstutas
634 3021 768 3086 semitas,
790 3020 860 3080 aliut
880 3019 927 3077 alii
938 3039 993 3078 oe·

319 3119 484 3170 cursantes,
502 3100 628 3162 invicem
644 3099 763 3192 suspecti
778 3117 807 3161 et
817 3096 933 3159 solliciti
946 3096 992 3159 fe·

318 3182 464 3255 rebantur.
480 3178 569 3254 ,Perse
580 3200 674 3251 comta
683 3200 736 3250 tuo
751 3198 833 3255 uoto
847 3176 998 3258 tauro,
