2625 4017
410 546 601 635 nrnn‘rt
640 573 764 637 vrrr.
863 582 919 644 4⁶1

248 666 426 742 interram,
449 676 484 733 ab
507 673 572 751 ipsis
594 675 802 735 obterebantur.
823 672 924 749 ltaque

249 771 389 828 pecorum
400 753 489 811 modo
499 754 590 832 magis
600 753 710 831 pavidi,
721 774 806 832 quam
817 751 925 821 infesti,

249 830 324 888 ultra
342 831 434 890 aciem
449 832 655 910 exigebantut3
674 852 740 893 cum
758 830 847 891 Porus
862 829 925 890 des·'

250 908 348 967 ritutus
360 931 376 967 a
389 910 531 986 pluribus,
550 913 608 970 tela
627 911 720 969 multo
735 928 800 970 ante
814 927 933 986 praepa-,

248 1005 310 1046 rara
320 987 349 1045 in
362 989 545 1049 circumfusos
560 1011 595 1050 ex
608 990 761 1066 elephanto
773 1009 824 1049 suo
836 989 925 1064 coepit

210 1085 212 1090 ’
248 1066 406 1147 ingerere,
433 1069 583 1145 multisque
603 1070 715 1129 eminus
737 1068 921 1135 vulneratis,

249 1146 394 1221 expositus
407 1147 465 1222 ipse
483 1148 516 1207 ad
532 1149 603 1208 ictus
620 1148 742 1225 undique
762 1148 921 1224 petebatur.

248 1222 368 1284 Novem
393 1225 451 1301 iarn
475 1228 590 1287 vulnera
616 1227 683 1287 binc
708 1246 817 1307 tergo,
839 1225 921 1286 illinc

247 1320 365 1379 pectore
376 1324 526 1381 exceperat
534 1346 543 1374 ,
551 1306 699 1383 multoque
708 1302 844 1386 sanguine
854 1324 921 1380 pro·

247 1382 311 1441 fuso
320 1384 459 1463 languidis
467 1385 596 1447 manibus
603 1386 694 1466 magis
706 1386 818 1461 elapsa,
833 1403 920 1461 quam

248 1480 364 1521 excussa
380 1465 436 1522 tela
455 1465 594 1525 mittebar.
616 1464 680 1525 Nec
698 1466 808 1543 segnius
824 1463 921 1523 bellua

247 1539 378 1601 instincta
387 1543 481 1610 rabie,
496 1545 624 1603 nondum
632 1542 724 1604 saucia
733 1541 920 1602 invehebatur
942 1604 945 1610 ,

248 1620 921 1701 ordinibus3donecrectorbelluaeregemcons·

245 1700 326 1776 pexit
341 1697 489 1759 fluentibus
502 1700 635 1760 membris
651 1699 815 1776 omissisque
833 1697 920 1759 armis

245 1777 297 1837 vix
319 1798 486 1856 compotem
507 1779 620 1840 mentis.
644 1779 722 1839 Tum
743 1780 869 1839 belluam
888 1779 920 1852 in

244 1856 344 1936 fugam
362 1859 488 1919 concitat
507 1877 641 1936 sequente
658 1857 825 1919 Alexandro
843 1880 851 1917 r
870 1856 919 1918 sed

246 1956 336 2013 equus
350 1938 409 2014 ejus
424 1939 521 1999 multis
535 1939 698 1999 vulneribus
709 1938 855 1998 confossus
867 1937 920 1997 dc·

244 2014 398 2092 ficiensque
415 2018 585 2093 procubuit,
608 2018 703 2095 posito
720 2018 810 2097 magis
825 2036 918 2097 rege,

244 2116 332 2171 quam
350 2094 450 2158 effuso.
475 2098 574 2173 ltaque
591 2097 657 2155 dum
676 2117 780 2172 equum
798 2113 919 2164 mutat,

245 2173 349 2233 tardius
364 2174 505 2234 insecutus
519 2194 570 2235 est.
584 2176 701 2235 Interim
712 2175 797 2235 frater
808 2173 921 2238 Taxilis

243 2253 320 2329 regis
340 2253 474 2311 Indorum
493 2253 647 2329 praemissus
667 2256 702 2311 ab
727 2252 921 2322 Alexandro,

243 2351 364 2393 monere
382 2332 466 2407 coepit
481 2332 610 2400 Porum,
630 2352 665 2390 ne
678 2328 775 2389 ultima
796 2328 920 2403 experiri
1001 2380 1002 2384 ,

239 2430 429 2491 perseveraret
442 2450 453 2480 ,
474 2409 633 2489 dederetque
646 2407 798 2471 revicturi.
815 2411 856 2468 At
868 2408 920 2469 ille

243 2511 405 2566 quanquam
418 2490 557 2550 exhaustae
567 2508 648 2550 erant
656 2490 745 2558 viter,
757 2486 920 2549 deficiebat-

243 2589 299 2645 que
316 2571 448 2650 sanguis3
468 2589 564 2629 tamen
578 2570 614 2629 ad
629 2588 729 2629 notam
742 2588 845 2628 vocem
861 2587 917 2628 ex·

244 2647 347 2705 citatus
362 2673 370 2708 t
385 2669 524 2727 agnosco,
543 2650 653 2725 inquit,
674 2646 787 2707 Taxilis
795 2643 918 2721 fratrem

243 2725 354 2804 imperii
370 2727 499 2805 regnique
513 2726 558 2785 sui
566 2726 731 2807 proditorem
743 2753 751 2784 .·
763 2742 792 2785 et
807 2726 896 2785 telum
905 2766 918 2793 ,

242 2806 320 2881 quod
330 2827 419 2865 unum
434 2808 508 2866 forte
525 2829 582 2866 non
596 2805 743 2868 effluxerat
755 2846 766 2873 ,
780 2803 918 2865 contorsit

240 2884 271 2945 in
284 2906 369 2954 eum,
387 2886 463 2962 quod
476 2908 524 2964 per
535 2886 661 2947 medium
673 2902 769 2963 pectus
781 2900 928 2959 penetra·.

238 2963 283 3031 vit
299 2965 335 3029 ad
351 2977 482 3052 tergum.'
495 2964 564 3031 Hoc
581 2965 686 3031 ultimo
702 2963 812 3025 virturis
828 2980 926 3044 opere,

697 3060 730 3143 Q
748 3083 767 3142 r
784 3059 817 3143 iij
