2625 4017
392 580 455 647 mo
574 557 908 648 Q.CURT11'

394 688 480 735 totum
495 662 610 740 orbem5
631 664 770 727 elassibus
783 665 874 725 mario
891 677 1083 739 consternat3

395 749 548 814 inusitatos
565 746 670 807 belluas
687 743 800 805 inducat
811 771 822 803 .·
834 764 864 805 tu
883 766 941 805 nos
958 763 1082 826 praestn·

395 829 441 890 bis
460 827 591 889 invictos.
609 823 666 886 Sed
678 824 739 903 quis
751 821 881 885 Deorum
899 823 955 885 hoc
972 822 1079 885 Mace*

396 907 488 968 donin
500 904 620 967 columen
633 901 758 963 occidus
770 901 935 963 diuturnum
940 903 1009 980 fore
1019 902 1080 984 poI-

396 986 476 1049 lieeri
502 1002 591 1064 potest
604 1004 617 1055 ;
642 1003 703 1043 cum
726 1000 783 1042 tom
805 981 890 1043 auide
917 981 1080 1061 manifestis

219 1094 229 1102 .
307 1087 310 1092 ·
394 1063 529 1155 periculis
542 1059 643 1143 offeras
662 1081 779 1142 corpus,
798 1059 903 1121 obiitus
915 1079 959 1123 coc
974 1063 1078 1125 civium

398 1164 510 1207 animos
532 1141 641 1203 trahere
663 1159 690 1201 te
712 1141 742 1200 in
764 1142 896 1201 casum?
920 1142 987 1221 quis
1007 1142 1079 1202 enim

398 1223 451 1286 tibi
468 1241 607 1301 superstes
624 1237 672 1280 out
689 1238 770 1309 optor·
781 1240 865 1289 esse,
890 1236 943 1280 aut
959 1222 1077 1302 potest?

398 1323 432 1364 co
446 1300 644 1384 pervenimus,
664 1318 816 1379 auspicium
833 1316 917 1377 atque
934 1299 1078 1381 imperium

400 1381 489 1442 secuti
504 1397 601 1448 tuum,
624 1378 695 1438 unde
713 1376 769 1438 nisi
789 1395 816 1437 re
833 1376 938 1438 reduce
954 1378 1029 1441 nulli
1046 1376 1080 1440 ud

396 1476 513 1541 penates
525 1478 590 1517 suos
604 1457 658 1517 iter
670 1476 724 1521 est.
742 1452 801 1595 gui
813 1456 838 1516 si
850 1455 943 1518 odlzue
956 1456 992 1518 de
1005 1456 1078 1520 Per·

400 1537 475 1601 sidis
485 1557 568 1617 regno
579 1557 638 1596 cum
647 1536 739 1598 Dorio
768 1535 899 1596 imitores
910 1556 923 1608 ;
936 1536 993 1598 etsi
1004 1557 1081 1599 nemo

400 1616 506 1687 uellet,
530 1635 676 1677 tamenne
697 1614 831 1676 admirari
854 1615 970 1694 quidem
985 1629 1082 1697 posset

401 1714 460 1759 turn
471 1714 582 1777 promto
597 1716 659 1755 esse
676 1712 703 1755 te
719 1693 754 1756 nd
770 1714 847 1755 omne
859 1692 1021 1757 discrimen
1033 1717 1083 1757 au·

401 1774 492 1838 doeiae
505 1802 516 1837 .·
529 1795 593 1835 nom
614 1773 660 1834 ubi
680 1774 764 1856 paria
783 1790 848 1834 sunt
868 1774 1029 1853 periculum
1052 1795 1083 1836 oc

398 1854 561 1936 premium,
574 1871 601 1914 et
610 1852 741 1914 secundis
752 1852 833 1914 rebus
844 1852 967 1933 amplior
969 1852 1085 1930 fructus

402 1951 468 2003 est,
489 1950 518 1993 et
533 1930 662 1993 adversis
675 1932 804 1994 solarium
816 1933 918 2012 majus.
937 1932 1000 1994 Tuo
1016 1952 1082 1996 uero

403 2012 495 2093 capite
509 2011 658 2091 ignobilem
669 2013 759 2074 uicum
770 2013 845 2081 emi,
866 2012 931 2091 quis
937 2010 1023 2089 ferat
1032 2034 1085 2076 noo

400 2108 512 2153 tuorum
532 2090 609 2152 modo
635 2092 777 2163 militum,
805 2089 856 2151 sed
884 2089 973 2152 uilius
999 2093 1086 2156 etium

401 2172 499 2252 gentis
510 2170 631 2233 borborae
649 2171 742 2239 civis,
761 2170 806 2249 qui
818 2188 892 2230 tuom
906 2172 1086 2253 magnitudi-

403 2272 466 2311 nem
478 2251 577 2313 nouit?
597 2249 692 2311 horret
709 2250 817 2312 unimus
833 2270 863 2310 co
885 2248 1009 2313 iturione
1022 2252 1063 2313 rei
1076 2291 1086 2322 ,

403 2350 485 2420 quom
507 2329 589 2411 peselo
609 2348 674 2390 onte
695 2330 826 2391 uidimus.
847 2270 951 2406 Egloqui
975 2331 1085 2402 timeo,

403 2408 503 2471 invicti
523 2409 645 2491 corporis
663 2409 761 2491 spoliis
777 2406 967 2470 inertissimos
984 2432 1086 2472 monus

396 2486 494 2565 fuisse
509 2489 680 2571 iniecturos,
704 2488 761 2550 nisi
780 2506 806 2549 te
826 2488 1010 2568 interceptum
1031 2491 1087 2552 mi-

403 2570 525 2629 sericors
543 2569 574 2630 in
585 2589 636 2629 nos
646 2567 762 2644 fortuna
778 2584 929 2630 servasset.
951 2568 1087 2633 Totidem

400 2647 575 2727 proditores,
592 2647 870 2709 totidem-desertores
882 2667 1002 2719 sumus,
1020 2669 1088 2728 quor

403 2742 432 2785 te
450 2748 505 2788 non
523 2727 661 2809 potuimus
676 2725 814 2808 persequi.
834 2726 995 2789 Universos
1017 2730 1087 2791 licet

403 2804 508 2868 milites
533 2806 688 2888 ignominia
709 2826 810 2876 notes,
835 2827 913 2865 nemo
938 2809 1087 2870 recusabit

404 2883 479 2946 luere
491 2885 521 2947 id
532 2930 542 2955 ,
559 2884 628 2965 quod
638 2908 673 2946 ne
683 2885 858 2956 admitteret,
876 2904 1017 3027 {restore
1029 2910 1087 2949 non

401 2964 505 3046 potuit.
519 2964 620 3032 Patere
632 2987 705 3043 nos,
725 2985 838 3051 queso,
859 2963 914 3029 oio
927 2966 1011 3031 modo
1023 2988 1089 3032 esse
