2625 4017
302 564 364 638 '502'
483 549 528 634 Q.
549 547 814 618 'cUR'rlr

302 656 431 737 recepit,
450 655 577 734 protinus
588 654 674 717 altior
689 654 837 726 insecutus
849 669 896 715 est
908 674 991 719 sorn-¹

304 760 368 803 uus.
382 739 425 799 Ex
442 758 500 815 quo
517 735 654 797 excitatus
667 754 719 815 per
735 732 863 812 quietem
879 735 991 797 vidisse

302 838 335 881 se
354 820 472 894 exponit
482 814 609 907 ‘speciem
627 811 758 875 draconis
775 810 905 875 oblatam
925 814 990 876 her·

303 896 366 961 lum
379 895 505 973 serenus
523 915 567 956 ore
578 936 589 965 ,
610 914 690 973 quam
709 891 811 954 veneni
832 894 991 957 remedium

303 998 369 1042 esse
390 992 582 1038 monstrasset.
613 971 741 1037 Colorem
764 992 876 1052 quoque
898 972 991 1035 herbe

303 1053 627 1135 referebat‚agnirurum
637 1052 664 1113 si
675 1050 736 1131 quis
746 1051 906 1133 reperisset
915 1052 991 1116 affir-

305 1157 398 1199 mans.-
409 1139 614 1212 inventamque
624 1133 745 1202 deinde,
761 1132 875 1211 quippe
885 1156 903 1195 a
913 1136 992 1196 mul·

305 1216 342 1279 ris
354 1236 413 1277 erat
425 1215 555 1293 requisita
566 1254 577 1283 ‚
588 1212 699 1276 vulneri
712 1213 856 1289 imposuit
869 1236 879 1274 ε
895 1216 992 1292 proti⁴

305 1316 415 1375 nusque
426 1297 527 1355 dolore
542 1293 646 1363 finito,
668 1293 740 1353 intra
750 1294 842 1354 breue
862 1295 991 1371 spatium·

306 1376 426 1437 cicatrix
447 1393 560 1451 quoque
579 1373 699 1433 obducta
718 1388 769 1434 est.
792 1372 940 1435 barbaros
959 1392 992 1435 ut

306 1455 400 1533 prima
423 1474 483 1531 spes
500 1452 659 1520 fefellerat,
682 1453 804 1529 seipsos
824 1456 994 1532 urbemque

306 1533 483 1595 dediderunt.
510 1531 590 1592 Hinc
617 1533 648 1592 in
674 1532 838 1608 proximam
892 1552 993 1594 entem

307 1610 468 1675 Parhaliam
479 1628 647 1690 perventum
658 1629 709 1671 est.
719 1612 782 1671 Rex
794 1629 857 1671 erat
906 1614 994 1685 oeris.

307 1694 356 1771 qui
368 1695 435 1754 urbe
447 1694 553 1754 deserta
569 1693 598 1751 in
614 1709 726 1752 montes
735 1690 920 1771 profugerat.
935 1697 995 1754 lta-

307 1793 363 1851 que
383 1771 544 1833 Alexander
563 1771 670 1849 oppido
692 1773 821 1850 potitur,
844 1792 995 1852 agrosque

308 1854 471 1931 populatur.
491 1852 605 1931 Magna
625 1850 690 1910 inde
711 1848 809 1929 prada
830 1870 907 1913 actae
928 1871 996 1915 sunt

308 1952 448 2010 pecorum
461 1950 731 2007 armentorumque,
755 1948 864 2008 magna
883 1934 929 1994 vis
945 1954 997 1993 re·¹

308 2030 389 2089 perta
400 2010 547 2070 frumenti.
559 2010 689 2070 Ducibus
699 2008 798 2069 deinde
809 2011 915 2072 sumtis
928 2035 996 2072 am·

308 2090 473 2169 nuperius,
486 2087 604 2149 defluxit
612 2088 647 2150 ad
655 2090 778 2149 insulam
786 2090 890 2151 medio
900 2094 996 2154 ferme

307 2170 395 2234 alveo
408 2188 534 2231 enatam.

349 2249 427 2312 Car.
440 2249 495 2310 IX.
508 2248 551 2308 Ibi
563 2246 666 2309 diutius
683 2246 830 2308 subsistere
848 2266 995 2323 coactus,

308 2328 376 2407 'quia
386 2329 471 2390 duces
480 2328 625 2389 socordius
636 2326 767 2389 asservati
778 2327 972 2408 profugerant
982 2345 1000 2402 ‚'

309 2409 389 2469 misit
399 2411 445 2485 qui
457 2408 656 2484 conquirerent
667 2408 739 2467 alios
752 2429 762 2480 ;
779 2426 834 2466 nec
847 2412 973 2485 repertis
984 2424 999 2481 ‚'

309 2488 444 2567 pervicax
455 2488 559 2566 cupido
569 2487 680 2548 incessit
690 2488 798 2547 visendi
810 2486 973 2550 Oceanum
984 2530 996 2560 ‚

308 2568 485 2645 adeundique
503 2568 645 2627 terminos·
654 2566 753 2626 mundi
766 2606 775 2636 ‚
790 2566 850 2625 sine
861 2570 1001 2650 regionis

308 2646 425 2727 peritis,
448 2645 559 2706 flumini
579 2648 681 2726 ignoto
702 2662 786 2723 caput
806 2667 914 2717 suum,
934 2667 998 2709 rot·

309 2726 365 2805 que
386 2726 606 2786 fortissimorum
627 2726 755 2788 virorum
775 2726 900 2785 salutern
924 2749 997 2806 per-

309 2806 434 2869 mittere.
446 2806 628 2886 Navigabant
641 2826 711 2884 ergo
721 2804 854 2865 omnium
864 2825 920 2882 per
930 2830 996 2885 que

309 2887 471 2946 ferebantur
491 2887 593 2967 ignari.
616 2884 766 2962 Quantum
789 2884 856 2944 inde
878 2890 997 2949 abesset

307 2983 415 3042 narn
431 2987 492 3045 quae
505 2966 773 3050 gentes'colerent3
791 2984 878 3044 quam
893 2968 1003 3045 placi..
