2625 4017
408 530 465 607 362
587 510 923 602 Q..CURT1r,
980 574 984 581 .

403 622 495 701 vulgo
516 618 712 695 usurpabant:
736 635 831 676 cartem
852 611 979 675 timidum
993 616 1090 700 vene-4

403 697 523 760 mentius
536 694 659 765 latrare,
678 715 757 772 quarn
775 690 909 755 mordere.
925 692 1083 759 Altissimn

403 797 514 858 queque
518 773 641 857 flumina
655 773 768 834 minimo
781 792 847 832 sono
860 771 928 834 lubi.
942 772 1017 850 Quae
1032 777 1084 835 in-

403 856 499 925 serui,
515 874 546 916 ut
560 855 773 932 qualiscumque
787 851 860 910 inter
870 853 1008 913 Barbaros
1024 875 1080 931 po-

403 938 458 996 tuit
473 956 532 996 esse
543 932 712 1013 prudentia,
732 930 895 993 traderetur.
911 931 944 990 In
960 930 1004 991 his
1021 955 1080 995 au.

403 1015 542 1075 diensium
564 1032 727 1089 suspensam
749 1010 862 1070 dederat
884 1013 1084 1087 exspectatioss

403 1088 1078 1165 nemsui.Tumeonsiliumaperit,utiliusBesso

402 1196 490 1252 quarn
527 1172 622 1231 ratius.
633 1166 834 1235 investibulo,
855 1168 966 1245 inquit,
989 1171 1078 1251 regite

402 1270 457 1313 tuce
477 1194 669 1312 velocissimus
689 1247 818 1309 consistit
838 1267 899 1310 rex.
923 1246 998 1308 Ante
1027 1249 1078 1311 ille

400 1351 523 1410 agmen,
564 1348 627 1387 uam
647 1345 676 1386 tu
695 1346 818 1386 mensam
837 1324 920 1385 istam
939 1326 1081 1396 movebis.

400 1410 488 1472 Nunc
504 1406 537 1467 ab
574 1415 642 1466 anni·
653 1404 803 1466 exercitum
819 1424 964 1475 accerses,
984 1425 1013 1466 et
1029 1428 1079 1469 ar-

401 1487 456 1552 mis
464 1485 588 1568 flumina
606 1504 733 1565 oppones.
749 1480 867 1550 Scilicet
883 1504 935 1563 qua
948 1503 976 1543 tu
988 1483 1077 1567 fugi-

402 1585 479 1628 turus
491 1587 540 1636 es,
555 1563 643 1625 ltostis
654 1562 731 1642 sequi
743 1582 796 1622 non
805 1565 920 1643 potest?
936 1563 990 1624 iter
1004 1564 1079 1626 utri-

399 1666 452 1725 que
476 1664 615 1706 commune
639 1659 714 1715 est;
740 1641 839 1717 uictori
868 1641 965 1703 tutius.
990 1640 1077 1707 Licet

399 1744 540 1798 strenuum
550 1740 649 1783 metum
660 1739 740 1801 putes
755 1741 816 1781 esse
826 1740 839 1793 ;
851 1718 970 1782 velocior
982 1739 1077 1785 tamen

400 1823 416 1865 s
435 1820 533 1863 esest.
550 1797 630 1882 Quin
643 1798 789 1877 validioris
804 1819 919 1880 occupas
931 1801 1080 1881 gratiam,

400 1823 531 1961 <illisque
549 1897 599 1947 te,
618 1896 759 1958 uteunque
776 1879 915 1950 cesserit,
934 1879 1077 1943 meliorem

391 1958 537 2054 ¹fortunam
562 1956 672 2027 deditus
697 1977 776 2037 quarn
800 1956 890 2034 itastis
919 1956 1076 2025 habiturus.

399 2036 529 2108 Alienum
551 2034 635 2097 itales
658 2056 804 2116 regnum,
829 2056 879 2115 quo
896 2034 1020 2119 facilius
1042 2060 1075 2101 eo

400 2137 509 2183 careas.
528 2114 648 2195 Incipiet
658 2113 785 2195 forsitan
798 2116 892 2253 imm
911 2137 972 2198 esse
994 2140 1075 2191 rex,

400 2195 542 2276 cumipse
556 2193 684 2271 fecerit,
708 2193 752 2269 qui
774 2193 795 2252 ri
815 2194 824 2257 i
847 2214 873 2255 et
894 2193 959 2261 clare
999 2216 1075 2259 otest

399 2296 515 2355 regnum
527 2292 553 2334 et
568 2272 682 2354 eripete.
699 2270 854 2347 Consilium
869 2271 953 2350 habes
989 2275 1074 2354 ¹tiele,

400 2353 469 2424 uod
483 2351 587 2416 diutius
606 2351 704 2429 exequi
719 2371 913 2432 superuacuum
928 2373 982 2419 est.
1006 2355 1074 2416 No-

397 2377 465 2493 iilis
486 2452 568 2511 equus
587 2429 681 2498 umbra
698 2450 799 2508 quoquc
820 2429 907 2512 virge
926 2432 1037 2515 regitur
1059 2460 1073 2498 s

397 2514 517 2593 ignauus
533 2531 568 2570 ne
584 2508 686 2570 calcari
698 2508 805 2588 quidem
821 2510 954 2571 concitati
967 2531 1073 2591 potest,

397 2594 495 2654 Bessus
513 2607 542 2650 et
560 2590 676 2670 ingenio
699 2608 727 2649 et
746 2590 839 2649 multo
862 2611 941 2650 mero
961 2593 1072 2663 ferox,

396 2672 470 2734 adeo
479 2669 598 2737 exarsit,
613 2687 645 2728 ut
654 2668 704 2729 vix
720 2669 755 2727 ab
770 2669 888 2739 amicis,
905 2691 962 2747 quo
973 2671 1073 2733 minus

397 2750 539 2813 occideret
555 2769 647 2815 eum,
674 2751 687 2817 (
704 2767 771 2807 narn
787 2748 935 2808 strinxerat
952 2769 1069 2828 quoque

395 2829 575 2898 acinacem)
596 2825 799 2888 contineretur.
825 2827 911 2888 Certe
930 2849 946 2889 e
967 2831 1072 2892 convi-

394 2911 445 2989 yio
460 2907 601 2998 prosiliuit
613 2904 829 2983 haudquaquam
838 2924 939 2984 potens
951 2908 1074 2977 mentis.

748 2996 759 3034 t
