2625 4017
420 552 473 627 138
597 542 924 625 meursii

414 646 569 710 multitudo
581 665 733 726 conspecta
751 664 803 710 est.
817 648 900 729 ignes
911 646 1096 715 deindetotis

415 730 524 807 campis
534 729 679 789 collucere
690 747 852 805 coeperunt,
865 729 1018 805 omniaque
1028 734 1092 792 vel-

412 826 446 867 ut
464 808 624 868 continenti
640 808 774 868 incendio
792 807 889 867 ardere
909 810 968 868 visa
992 833 1001 868 ε
1021 832 1090 874 eum

413 886 559 948 incondita
569 887 744 958 multitudo,
761 888 889 946 maxime
906 906 1023 967 propter
1041 890 1090 967 ju·

413 985 512 1029 menta
529 967 621 1027 laxius
637 967 775 1029 tenderet.
788 967 884 1044 ltaque
902 986 933 1026 eo
951 967 1011 1047 ipso
1029 967 1091 1030 loco

412 1046 512 1107 metari
532 1064 598 1105 suos
620 1062 714 1106 castra
736 1048 851 1125 jusserat
865 1067 876 1116 ς
892 1047 989 1117 letus,
1010 1047 1088 1125 q'uod

412 1128 496 1187 omni
508 1125 683 1203 expetiverat
693 1144 763 1187 voto
774 1164 784 1193 ‚
797 1126 827 1184 in
839 1125 895 1185 illis
904 1127 1087 1202 potissimum

411 1207 548 1286 angustiis
565 1205 772 1266 decernendum
787 1224 857 1266 esse.
876 1205 1034 1276 Ceterum,
1053 1227 1090 1271 ut

410 1288 486 1345 solet
500 1284 561 1346 fieri
574 1325 584 1352 ,
606 1305 672 1344 cum
683 1284 778 1345 ultimi
792 1283 958 1344 discriminis
973 1302 1086 1364 tempus

354 1391 356 1396 ·
409 1364 566 1436 adventat3
586 1363 616 1422 in
639 1362 861 1423 sollicitudinem
879 1384 959 1425 versa
979 1365 1085 1429 fiducia

408 1461 462 1503 est.
475 1444 561 1503 Illam
574 1441 664 1519 ipsam
681 1443 845 1512 fortunam,
869 1464 924 1520 qua
941 1445 1085 1523 aspirante

407 1542 453 1583 res
463 1540 522 1582 tam
534 1542 668 1598 prospere
680 1539 823 1602 gesserat,
836 1524 1005 1596 verebatur3
1026 1544 1083 1587 nee

407 1600 532 1680 injuria,
550 1622 587 1662 ex
602 1601 646 1662 his
666 1622 726 1678 quae
743 1600 881 1661 tribuisset
898 1602 971 1670 sibi,
992 1624 1082 1680 quam

406 1681 552 1743 mutabilis
562 1698 650 1750 esset,
664 1681 821 1758 reputabat.
831 1679 924 1741 Unam
934 1701 1082 1761 superesse

406 1779 537 1831 noctem,
559 1761 712 1840 querenti
733 1758 904 1819 discriminis
924 1780 1081 1823 moraretur

405 1856 543 1901 euentum.
561 1840 665 1901 Rursus
677 1839 861 1907 occurrebat,
880 1840 986 1918 majora
999 1842 1080 1921 peri-

404 1917 479 1977 culis
489 1917 630 2000 premia:
651 1936 679 1977 et
694 1918 768 1978 sicut
786 1916 897 1977 dubium
916 1936 1017 1989 esser,
1040 1941 1079 1981 arr

403 1996 552 2070 vincerem
571 1996 612 2058 ita
622 1994 692 2056 iilud
704 1996 794 2075 utique
807 2013 909 2058 certum
920 2017 1000 2068 esse,
1022 1996 1076 2058 bo·

403 2093 505 2146 ueste,
530 2094 559 2137 er
585 2097 646 2137 cum
671 2095 772 2155 magua
797 2074 878 2136 laude
903 2077 1077 2142 mouturam.

402 2156 502 2233 Itaque
524 2176 634 2236 corpora
656 2154 761 2215 milites
783 2174 878 2214 curare
898 2156 1004 2233 jussit,
1038 2178 1075 2219 ae

401 2233 503 2294 deiude
520 2236 603 2295 tertia
617 2233 720 2314 vigilia
739 2233 890 2294 instructor
907 2253 934 2294 et
951 2253 1076 2297 armatos

401 2333 476 2376 esse.
493 2314 555 2393 Ipse
567 2315 597 2375 in
614 2315 713 2394 iugum
722 2313 789 2373 editi
798 2314 903 2374 montis
919 2315 1072 2386 ascendit,

393 2395 553 2472 multisque
562 2392 878 2455 collucentibusfacibus
885 2394 977 2471 patrio
985 2415 1071 2457 more

349 2469 352 2479 ’
398 2473 568 2534 sacrificium
578 2474 641 2533 Diis
650 2471 808 2549 praesidibus
818 2472 878 2532 loci
886 2474 965 2534 fecit.
982 2473 1068 2539 Jam-

399 2572 454 2628 que
463 2552 577 2614 tertium
586 2595 597 2622 ,
607 2552 679 2613 sicut
687 2569 855 2629 praeceptum
863 2570 940 2622 erat,
953 2553 1069 2633 signum

397 2634 465 2691 tuba
475 2632 559 2692 miles
571 2648 740 2709 acceperat,
756 2630 848 2691 itineri
858 2632 941 2692 simul
952 2650 1068 2708 paratus

397 2729 428 2771 et
451 2713 550 2787 praelio
571 2734 579 2771 s
603 2727 764 2787 strenueque
796 2710 861 2787 jussi
882 2709 1030 2791 procedere
1055 2751 1070 2784 ,

393 2790 507 2851 oriente
531 2790 595 2852 luce
619 2808 808 2868 pervenerunt
831 2790 865 2847 ad
891 2791 1032 2871 angustias
1051 2832 1066 2863 ,

312 2892 317 2899 ·
394 2865 932 2947 quasoccuparedeerererant.Darium
945 2868 1065 2948 triginta

313 2963 319 2972 '
381 2946 458 3011 aare
479 2947 574 3011 stadia
602 2946 703 3012 abesse
728 2948 862 3027 premissi
888 2949 1067 3019 iudicabant.
