2625 4017
430 570 484 626 tia
607 557 649 640 Q
690 560 931 625 CURTII

428 660 611 724 occasionem
629 660 715 721 dedit.
736 660 867 739 Cumque
882 658 963 740 porti
982 659 1097 726 ebiacti

426 740 530 805 cohors
549 740 742 801 Macedonum
761 742 910 811 intrassem
934 742 1096 819 oppidani,

427 822 499 881 olim
514 819 635 880 consilio
653 820 819 895 proditionis
836 821 967 901 agitato,
990 842 1096 901 aggre-

424 920 494 983 gant
509 920 538 958 se
549 898 729 976 Amphotero
742 916 770 958 et
782 898 954 979 Hegelocho
966 923 976 973 3
994 899 1097 961 Persa·

425 1000 546 1055 rumque
559 979 794 1055 praesidinm-so,
816 978 1012 1040 Pharnabazus
1027 1001 1095 1040 cum

425 1058 603 1137 Apollonide
611 1075 639 1118 et
649 1057 832 1139 Athanagora
842 1058 928 1119 vincti
936 1060 1092 1119 traduntur.

425 1136 588 1198 Duodecim
599 1138 726 1197 triremes
743 1158 808 1197 cum
819 1159 870 1197 suo
888 1138 978 1198 milite
998 1160 1032 1199 ac
1044 1160 1091 1198 re-

424 1218 520 1297 mige3
531 1238 629 1293 praeter
641 1238 688 1276 eas
702 1217 814 1296 triginta
831 1217 927 1276 inanes
942 1235 970 1276 et
981 1218 1092 1294 piratici

423 1298 533 1365 lembi,
555 1294 779 1371 Graecorumque
797 1296 848 1354 tria
863 1296 953 1356 miliia
969 1319 986 1355 a
1004 1297 1094 1359 Persis

424 1378 554 1437 mercede
572 1377 723 1436 conducta.
740 1374 793 1433 His
811 1374 840 1433 in
863 1377 1093 1453 supplementum

422 1455 572 1531 copiarum
592 1474 706 1517 suatum
727 1453 908 1523 distributis,
941 1455 1093 1532 piratisque

422 1535 562 1610 supplicio
574 1533 703 1606 aflectis3
724 1532 851 1609 captivos
870 1535 992 1614 remiges
1013 1536 1093 1610 adie-

423 1632 488 1673 cere
509 1616 589 1674 classi
609 1636 675 1675 suae.
695 1611 781 1671 Forte
801 1612 999 1684 Aristonicus,
1024 1616 1092 1674 ule-

421 1690 631 1769 thymnaeorum
642 1711 796 1770 tyrannus,
817 1712 883 1753 cnm
901 1691 1025 1770 piraticis
1036 1714 1091 1754 na·-

421 1772 529 1842 vibtts,
555 1773 668 1853 ignarus
692 1771 822 1830 omnium
843 1792 902 1847 quae
924 1771 957 1831 ad
981 1772 1092 1834 Chium

420 1868 484 1911 acta
494 1869 592 1919 erant,
605 1852 696 1929 prima
710 1850 807 1929 vigilia
818 1852 851 1908 ad
862 1868 958 1927 portus
967 1853 1091 1913 claustra

420 1932 552 1990 successit
560 1953 568 1991 t
577 1931 819 2011 interrogatusque
832 1951 846 1987 a
858 1930 1017 1991 custodibus
1027 1931 1091 2010 quis

420 2012 523 2071 estet?
543 2007 733 2069 Aristonicum
752 2006 787 2066 ad
808 2005 1018 2090 Pharnabazum
1038 2031 1092 2069 ve·

418 2087 483 2150 nire
504 2089 657 2167 respondit.
685 2088 731 2147 llli
750 2084 960 2168 Pharnabazum
980 2087 1090 2167 quidem

413 2168 644 2249 introducere,
669 2184 695 2225 et
706 2185 759 2225 nott
768 2184 851 2245 porse
862 2184 917 2225 turn
929 2165 1000 2228 odiri
1012 2189 1025 2240 ;
1044 2188 1090 2227 ce-

418 2264 506 2306 terum
512 2265 607 2328 patere
621 2245 696 2305 sotio
706 2262 785 2323 atque
800 2243 901 2325 hospiti
911 2265 1038 2326 portum,
1061 2265 1089 2308 et

416 2343 526 2408 porteto
544 2326 593 2386 die
610 2322 786 2403 Pharnabazi
804 2325 910 2405 copiam
926 2323 990 2400 fore
1010 2325 1089 2387 affir-

417 2422 510 2468 mant.
534 2406 600 2466 Nec
623 2404 759 2465 dubitavit
781 2404 957 2466 Aristonicus
980 2406 1089 2483 primus

417 2484 542 2544 intrare:
555 2484 642 2545 secuti
661 2501 724 2542 sunt
740 2482 842 2542 ducem
856 2484 965 2561 piratici
977 2485 1086 2545 'lembi

416 2563 464 2625 Ac
475 2563 542 2623 dum
551 2564 693 2642 applicant
703 2562 814 2642 navigia
825 2563 959 2641 crepidini
968 2582 1085 2640 portus,

416 2643 552 2716 objicitur
562 2666 578 2704 a
589 2644 720 2721 uigilibus
732 2642 883 2702 claustrum
896 2665 905 2715 3
921 2661 949 2702 et
959 2643 1006 2719 qui
1017 2664 1087 2719 pro·

416 2721 489 2783 xitui
507 2725 706 2789 excubabant,
732 2721 767 2778 ab
787 2721 884 2783 iisdem
904 2724 1085 2783 excitantur:

323 2845 331 2862 .
416 2801 554 2879 nulloque
566 2823 601 2863 tx
615 2800 656 2862 his
668 2820 736 2860 auso
751 2818 906 2880 repugnare
919 2842 929 2869 ‚
952 2801 1086 2864 omnibus

416 2898 522 2940 catenat
546 2881 654 2957 injectae
680 2895 752 2937 sunt.
781 2878 962 2955 Amphotero
985 2880 1085 2941 deinde

412 2953 641 3045 Hegelochoque
655 2957 809 3023 tradunoar.
821 2959 899 3023 Hine
911 2960 1086 3024 Macedones
