2625 4017
323 650 328 653 ,
468 576 658 643 LIBER
699 579 741 643 Va
882 584 943 657 ιζ)

279 710 303 737 «u
330 680 345 727 ’ἲ
360 676 493 740 ollioris
511 681 563 741 soli
580 720 591 750 ,
616 703 666 760 per
683 679 760 758 quod
775 678 834 741 leni
849 695 941 745 tractu

314 796 326 805 ..
365 789 368 809 .
385 757 653 833 ..·Bersicomarise
664 761 797 823 insinuat.
811 760 941 821 Aienan·

265 840 318 902 der
370 858 455 899 amne
477 857 639 909 superato,
663 860 792 901 cum1x
816 839 941 901 millibus

263 917 346 1000 pedi-
373 954 377 969 .
413 938 425 987 ,
454 934 483 976 et
505 915 638 1011 Agrianis
663 937 746 997 atque
770 917 942 979 Grecorum

221 1057 225 1062 .
264 1018 350 1065 merc.
374 996 449 1056 ariis
469 996 595 1058 millibus
615 1018 679 1065 111,
698 998 796 1058 additis
814 997 941 1058 millibus

264 1076 316 1139 Th
337 1110 359 1126 ,ι
376 1076 473 1152 2m,in
484 1079 633 1157 regionem
642 1078 790 1138 Uxiorum
800 1075 942 1153 pervenit.

262 1155 334 1219 Fini
342 1185 360 1207 ιι
378 1190 398 1204 -,
414 1153 490 1217 Susis
503 1174 564 1225 est,
583 1173 612 1215 et
624 1156 653 1214 in
664 1156 787 1233 primam
797 1154 942 1216 Persidem

264 1256 321 1297 exc
352 1268 358 1283 ·
402 1271 414 1303 ‚
433 1252 544 1295 arctum
558 1235 675 1296 intense
691 1252 720 1294 et
732 1234 864 1294 Susianos
877 1231 940 1293 adi-

263 1332 332 1377 tum
392 1343 406 1367 tt
419 1334 513 1375 uens.
522 1313 649 1375 Madates
658 1331 718 1375 erat
728 1311 808 1391 hujus
817 1311 941 1391 regionis

262 1392 345 1474 praes
378 1422 440 1463 ,
465 1392 538 1453 haud
562 1412 629 1453 sane
652 1409 815 1470 temporum
836 1389 941 1455 homo.

264 1472 332 1549 Q'
396 1471 498 1532 ultima
507 1493 559 1549 pro
570 1472 941 1549 fideexpesiridecteverat·

263 1550 326 1614 Sed
395 1549 427 1609 iti
445 1552 578 1612 locorum
594 1551 789 1612 Alexandrum
806 1550 939 1618 docent,

265 1650 318 1692 occ
358 1660 361 1675 ι
378 1648 404 1688 m
415 1627 469 1689 iter
480 1650 542 1689 esse
550 1627 712 1708 peneades,
730 1645 757 1688 et
766 1647 891 1688 aversum
904 1624 939 1688 ab
956 1635 960 1640 '

264 1707 317 1770 urb
355 1703 400 1767 .Si
417 1727 520 1798 paucos
539 1706 665 1767 misisset
681 1706 778 1768 leviter
795 1722 941 1776 armatus,
1017 1754 1020 1761 .

264 1808 314 1850 su
363 1803 455 1867 capitu
466 1785 585 1846 hostium
602 1806 744 1849 evasuros.
756 1785 833 1845 Cum
845 1784 942 1845 consiv

281 1868 288 1881 '
339 1865 341 1870 ’
365 1866 534 1943 placuisset,
560 1866 647 1925 iidem
669 1867 803 1927 itinerum
826 1864 942 1926 fuenmt

354 1986 364 2007 .
389 1965 415 2006 ss
445 1962 474 2005 et
503 1968 524 2006 u
548 1945 678 2007 mercede
706 1944 873 2012 conducti,
911 1959 943 2008 et

281 2046 284 2055 Δ
334 2020 389 2083 'ni
408 2023 466 2085 fere
482 2046 508 2085 m
524 2023 654 2085 Tauroni
665 2026 798 2102 praefecto
812 2023 891 2090 dati,
906 2044 942 2086 nc

265 2124 288 2184 p
321 2135 325 2145 ·
349 2101 419 2162 solis
436 2123 563 2163 occasum
580 2103 633 2163 iter
652 2102 763 2183 ingredi
781 2102 858 2181 jussi.
876 2102 940 2181 lpse

285 2213 292 2233 a
321 2215 344 2233 ··
361 2182 460 2262 vigilia
473 2184 567 2244 castris
577 2171 668 2274 ‘motis
679 2184 751 2243 circa
762 2181 832 2242 lucis
846 2189 956 2273 ortum⁴

311 2281 447 2322 raverat
475 2280 641 2342 angustias,
669 2281 794 2339 caesaque
821 2268 941 2322 materni

275 2373 279 2390 ε
308 2340 390 2401 tibus
406 2360 434 2401 et
449 2342 550 2417 pluteis
566 2340 722 2410 faciendis,
742 2339 835 2416 utqui
850 2356 941 2404 turres

295 2438 475 2488 moverent,
492 2438 571 2479 extra
586 2418 637 2479 teli
650 2419 741 2479 ictum
756 2434 867 2486 essent,
888 2438 939 2504 ²¹13
1007 2449 1009 2451 ·

296 2521 336 2558 ¹m
347 2498 473 2559 obsidere
484 2499 579 2576 coepit.
588 2498 728 2575 Praerupta
737 2515 818 2559 erant
828 2497 938 2569 omnia,

289 2623 292 2626 .
321 2578 342 2638 is
357 2595 386 2638 et
401 2579 510 2638 cotibus
519 2577 664 2655 impedita.
683 2576 783 2640 Multis
791 2599 861 2659 ergo
871 2578 945 2654 vul,-

307 2656 381 2717 ribus
396 2656 523 2735 depulsi,
544 2674 575 2717 ut
588 2656 688 2734 quibus
703 2676 761 2716 non
775 2677 844 2718 cum·
857 2656 939 2722 hoste

276 2736 389 2804 olum,
411 2736 456 2797 sed
475 2737 562 2795 etiam
578 2756 645 2796 cum
661 2735 729 2795 loco
746 2734 940 2818 dimicandum

260 2889 262 2894 Ι
277 2834 361 2884 sset,
380 2816 509 2876 subibant
524 2834 619 2875 tamen
631 2837 640 2877 t
652 2815 718 2893 quia
731 2834 781 2875 rex
791 2814 864 2876 inter
879 2813 939 2892 pri,-

267 2913 333 2953 mos
352 2893 517 2956 constiterat
535 2933 545 2962 ,
570 2895 746 2975 interrogans
763 2911 808 2954 tot
826 2895 940 2966 urbium

266 2972 413 3054 ‚uictorem
433 2994 469 3039 an
486 2970 676 3060 erubescerent
689 2972 792 3050 koercrs
809 2971 846 3037 in.
859 2970 941 3060 obtiy'¹
