2625 4017
429 539 620 610 MBER
660 542 756 612 111,
877 569 934 623 ιη

272 657 275 661 ”
295 639 380 710 Cse.
390 645 572 710 V.Mediam
581 647 697 725 Cydnus
707 646 864 716 amnis‚de
875 673 936 729 quo

258 730 348 809 paulo
361 727 550 790 antedictum
568 744 630 798 est,
651 725 809 800 interfluit;
825 747 937 794 estune

260 828 338 871 aestas
357 824 441 876 erat,
462 807 542 883 cujus
561 808 641 868 talos
659 828 720 868 non
737 806 825 869 aliam
842 810 936 901 magis

258 908 345 966 quam
359 885 471 947 Ciliciae
486 906 569 947 oram
580 907 687 964 vapore
704 886 772 948 solis
783 889 935 954 accendite

258 985 286 1029 et
296 967 353 1028 diei
364 965 584 1027 fervidissimum
595 985 705 1043 tempus
715 986 849 1043 coeperat.
861 967 932 1030 Pul-

258 1066 323 1109 vere
338 1066 374 1106 ac
393 1044 495 1106 sudore
510 1044 595 1106 simul
612 1046 757 1122 perfusum
773 1063 870 1126 regem
888 1046 934 1110 ins

258 1125 360 1188 sitavit
372 1124 469 1201 liquor
484 1122 632 1193 fluminis,
656 1141 688 1186 ut
706 1123 830 1185 calidum
841 1123 933 1190 adhuc

257 1225 360 1281 corpus
379 1204 518 1264 ablueret.
541 1203 640 1280 Itaque
658 1220 737 1263 veste
756 1203 883 1280 deposita
902 1204 933 1266 in

258 1300 413 1360 conspectu
425 1282 546 1362 agminis
558 1304 568 1354 ;
579 1284 718 1344 decorum
730 1300 846 1359 quoque
857 1282 934 1344 futu·

257 1384 320 1425 rum
332 1379 431 1431 satus,
450 1361 472 1421 si
491 1362 654 1424 ostendisset
665 1362 720 1422 suis
732 1361 788 1424 levi
802 1382 835 1422 ac
847 1382 932 1439 pasa-

257 1444 306 1502 bili
319 1443 401 1502 cnltu
415 1442 542 1517 corporis
552 1459 581 1504 se
590 1459 650 1502 esse
664 1458 847 1510 contentum,
863 1441 930 1502 des·

257 1521 353 1582 cendit
374 1521 405 1579 in
427 1519 544 1582 flumen.
567 1520 682 1597 Vixque
701 1520 816 1600 ingressi
836 1522 930 1581 subito

256 1600 379 1660 horrore
410 1618 484 1660 artus
511 1599 604 1680 rigere
631 1617 777 1675 coeperunt
802 1601 931 1678 spanos

255 1679 355 1740 deinde
370 1675 486 1738 suffusus
497 1696 559 1745 est,
576 1697 604 1739 et
615 1694 709 1740 totum
739 1679 930 1755 ropetnoduns

255 1780 360 1836 corpus
378 1758 473 1817 vitalis
490 1758 569 1817 calor
585 1759 711 1834 reliquit.
753 1758 874 1836 xpiranti
889 1758 929 1818 si-

256 1840 359 1898 milem
372 1835 493 1896 ministri
509 1858 596 1898 manu
612 1836 777 1913 excipiunt,
797 1856 851 1904 net
863 1837 929 1898 sntis

255 1934 425 1993 compotem
444 1916 547 1978 mentis
566 1917 596 1976 in
616 1918 832 1981 tubernaculum
848 1916 930 1978 defe-

254 2016 330 2059 tunt.
342 1997 447 2075 Ingens
462 1995 645 2066 sollicitudo,
668 2012 697 2057 et
710 2016 783 2074 pene
794 1996 853 2073 jam
867 1997 930 2060 luc·

255 2093 319 2164 tus,
339 2076 373 2133 in
387 2073 482 2163 cnstris
497 2093 568 2138 erat.
587 2073 700 2138 Flentes
716 2077 931 2163 querebamus,

253 2174 283 2213 un
308 2171 387 2213 tanto
409 2169 510 2232 impetu
533 2173 666 2230 cursuque
685 2174 806 2223 rerum,
839 2171 930 2214 onnus

253 2234 348 2293 oetatis
361 2252 395 2292 ac
406 2231 542 2294 ntemoriae
554 2231 738 2298 clariss-nnn
751 2251 862 2311 regem,
874 2251 930 2292 nun

254 2311 283 2371 in
294 2312 359 2373 acie
370 2309 488 2380 saitem,
504 2333 558 2372 non
571 2311 605 2373 ai
616 2310 695 2374 hoste
704 2310 862 2389 dejectum,
876 2307 928 2370 sed

254 2390 410 2451 abluentem
432 2409 504 2469 aqua
526 2410 645 2462 cornus,
669 2408 792 2469 ereptum
817 2397 879 2450 este
902 2402 932 2448 et

254 2471 418 2532 extinctum.
432 2468 541 2529 instare
551 2469 692 2539 Darium,
706 2467 837 2530 uictorem
850 2484 932 2527 ante·

255 2570 333 2627 quum
345 2547 593 2612 uidissetiostem.
609 2546 671 2609 Sibi
687 2543 799 2609 easdem
814 2564 904 2607 terras
914 2588 928 2617 ‚

255 2647 320 2704 quas
356 2626 477 2688 uictores
503 2646 724 2708 peragrassent,
754 2647 784 2686 re
802 2624 930 2687 etendas.

256 2704 358 2768 Omnia
368 2723 416 2767 aut
428 2706 524 2786 ipsos,
544 2725 592 2767 aut
602 2705 695 2767 hostes
705 2648 857 2786 popuditos.
868 2701 927 2766 Per

254 2804 348 2846 uastas
369 2783 559 2855 solitudines,
583 2786 694 2848 etiamsi
716 2806 794 2847 nemo
817 2782 930 2863 insequi

255 2864 339 2933 uelit,
360 2881 455 2926 euntes
467 2893 478 2934 ·‚
489 2863 569 2939 farne
587 2882 667 2945 atque
681 2864 775 2945 inopia
792 2860 928 2926 debellari

254 2959 341 3022 posse.
355 2938 448 3026 Quem
467 2944 578 3024 signum
591 2943 720 3008 daturum
726 2942 927 3024 fugientibus,

709 3041 829 3110 ,Liv
