2625 4017
412 570 602 636 trost
642 573 751 640 vot.
861 584 920 652 μς

236 670 919 743 ·edrnonitus,utobbr'ssalutensuomtuernur.

247 751 376 815 Ceterum
395 772 427 812 se
446 752 564 813 invitum
586 750 722 814 deteriora
741 750 921 822 credentem,

245 852 321 894 nunc
342 828 501 907 manifestis
521 831 637 892 indiciis
653 832 778 901 uictum,
796 830 921 910 jussisse

235 910 362 975 ¹vinciri.
375 904 454 971 Nam
468 908 560 991 pridie
571 928 650 990 quam
663 909 834 990 detegeretur
843 906 918 970 Pto·-

246 989 312 1052 iota
323 987 437 1059 scelus,
460 989 526 1067 quia
539 990 569 1051 in
579 1008 687 1051 secreto
702 1005 763 1049 curn
773 992 833 1070 ipso
840 985 922 1062 fuir·

245 1086 335 1137 sent,
357 1087 415 1128 non
430 1083 513 1148 posse
531 1068 664 1129 dubitari.
686 1065 809 1129 Fratrem
823 1083 920 1140 uero,

235 1146 294 1228 ¹qui
311 1144 484 1228 profugerit,
505 1167 567 1208 curn
586 1144 716 1208 Philota-s
733 1155 922 1226 torquerentr',

245 1224 473 1306 aperuissefuga
491 1245 614 1289 causam.
627 1225 725 1307 Nuper
733 1242 836 1307 prater
850 1243 920 1285 con-

246 1303 441 1374 suetudinem,
466 1303 553 1384 officii
569 1304 681 1385 specie,
697 1304 797 1365 amotis
808 1302 920 1383 longius

246 1382 371 1452 ceteris,
396 1383 552 1446 admouisse
568 1384 732 1465 semetipsos
748 1381 829 1444 lateri
846 1402 922 1454 suo,

246 1460 325 1523 nuiio
343 1462 478 1542 probabili
501 1484 585 1523 causa
607 1490 616 1523 .·
638 1477 721 1543 seque
742 1461 885 1522 mirantem
909 1499 923 1533 ‚

245 1539 380 1622 quodnon
390 1540 454 1601 rice
464 1563 535 1610 sua,
552 1541 602 1602 tali
609 1541 795 1621 fungerentur
807 1536 921 1618 offitio,

248 1637 278 1681 et
302 1619 364 1701 ipsa
388 1620 570 1700 trepidatione
595 1637 686 1682 eorum
707 1618 920 1700 perterritum,

246 1716 359 1761 strenue
376 1698 412 1759 ad
426 1699 601 1779 armigeros,
620 1698 668 1771 oui
680 1696 800 1781 proximi
819 1717 918 1777 seque·

247 1775 371 1847 bantur,
389 1778 552 1841 recessisse.
562 1775 608 1837 nt
618 1776 667 1839 broc
679 1776 829 1846 accedere,
850 1773 921 1855 quod

248 1876 310 1917 curn
322 1855 516 1937 Antiphanes,
532 1856 624 1918 scriba
638 1857 778 1936 equiturn,
793 1854 921 1938 Amynta

248 1934 461 2007 denuntiasset,
480 1936 572 2018 pridie
590 1957 670 2015 quarn
687 1934 808 1996 Philota
828 1932 922 1996 scelus

250 2012 443 2094 deprehensum
458 2033 553 2088 esset,
572 2033 604 2077 ut
621 2037 657 2077 ex
673 2017 728 2077 suis
743 2015 822 2093 equis
836 2034 920 2076 mota

211 2151 213 2153 ,
249 2096 338 2155 solito
356 2096 432 2156 daret
446 2097 502 2165 iis,
523 2097 570 2173 qui
589 2096 745 2156 amisissent
762 2115 846 2164 suos3
867 2113 919 2152 su·-
942 2155 946 2160 ,
988 2150 991 2154 ,

245 2173 331 2254 perbe
346 2174 540 2254 respondisse,
557 2175 610 2234 nisi
625 2174 742 2251 incepto
756 2173 921 2240 desisteret,

250 2254 330 2314 brevi
340 2254 492 2323 sciturum,
502 2255 564 2331 quis
574 2255 632 2331 ipsc
646 2271 728 2314 esset.
739 2250 805 2315 darn
817 2249 921 2330 linguae
977 2257 980 2262 ’

248 2329 430 2402 uiolentiam,
447 2332 678 2409 temeritatemque
687 2329 847 2397 uerborum,
861 2347 922 2465 pua

249 2410 281 2472 in
305 2412 481 2493 semetipsum
500 2409 718 2490 jocularentur,'
746 2405 817 2469 nibi'b
842 2403 922 2467 aiud

249 2510 335 2559 esse,
357 2510 437 2561 quarn
452 2489 564 2550 scelesti
580 2487 668 2549 animi
682 2486 802 2547 indicem
813 2503 845 2550 ac
862 2486 922 2545 tes·
940 2539 950 2545 ,.
1007 2513 1010 2518 ·
1029 2471 1062 2508 ²''

250 2586 318 2631 rem.
342 2566 415 2648 Qua
432 2568 459 2626 si
476 2588 545 2628 oera-
560 2582 674 2636 essem,
697 2565 770 2626 idern
789 2561 923 2625 meruisse

250 2667 323 2717 eos,
341 2645 412 2723 quod
422 2643 555 2706 Philotan
567 2667 580 2718 ;
599 2645 625 2707 si
633 2642 733 2720 faba,
751 2644 863 2724 exigere
875 2642 921 2724 ip·

250 2746 313 2787 sum
323 2744 353 2785 ur
361 2723 500 2803 refellant.
511 2725 666 2786 Productus
675 2723 774 2785 deinde
782 2721 924 2799 Antipha·

216 2854 219 2859 .
249 2826 318 2876 nes,
329 2806 364 2865 de
374 2804 451 2883 equis
461 2816 513 2864 nors
526 2803 658 2873 traditis,
671 2820 698 2863 et
709 2801 827 2882 adjectis
838 2799 933 2860 etiarn.

250 2884 367 2964 superbe
388 2882 495 2953 minis,
518 2884 634 2947 indicat.
657 2883 737 2944 Tum
760 2884 923 2957 Amyntam,

248 2964 323 3034 facta
337 2963 448 3038 &cendi
467 2981 631 3048 potestat03
648 2962 675 3032 si
689 2959 781 3034 nibil,
802 2957 924 3041 inquies,
