2625 4017
328 570 376 621 su
413 569 449 631 ρ.
481 566 692 617 cunniun
725 561 756 620 e.
791 539 829 617 ιζ
886 543 930 636 ie·

239 660 348 731 pientur,
366 656 474 706 maxima
484 673 511 707 ex
523 669 594 722 porte
602 670 677 719 penes
687 671 747 710 uos,
767 669 795 705 us
805 652 916 712 vicinas,

242 744 309 783 erunt
329 748 338 774 :
360 726 414 776 inde
432 723 559 774 Phocensis
574 720 632 772 beidi
646 722 731 770 damna
749 721 869 771 soreietis.
886 721 918 774 11

243 797 318 863 magis
334 811 364 844 ese
380 809 426 841 usu
442 805 523 842 vestro
537 790 588 846 sit,
609 805 641 837 an
653 803 746 842 uestros
762 805 835 857 agros
850 790 892 840 uri
903 825 914 847 ‚

243 878 321 916 uestra
336 860 422 927 oppida
433 857 581 925 expugnari,
594 856 689 906 intendi
698 893 707 913 ,
716 856 805 922 diripi,
817 869 917 908 uestras

245 930 335 994 denique
344 943 385 978 res
391 926 434 992 agi
437 925 561 990 ferrique,
576 923 638 988 quod
647 920 801 976 Athenienses
810 937 894 989 optant
905 957 916 980 .

243 996 371 1066 expendite.
385 994 454 1044 Nam
467 991 585 1042 iracundo
597 1005 635 1040 res
647 1005 683 1040 est
693 1005 815 1056 suspectus
829 991 915 1040 imme-

246 1064 411 1117 ricosindus,
428 1075 515 1125 quoque
526 1058 627 1125 pronior
639 1056 801 1108 benevolentia
812 1056 893 1119 suerit
904 1094 914 1114 ‚

246 1130 379 1181 acrioribus
388 1126 497 1177 stimulis
511 1126 536 1174 in
551 1124 685 1173 uindictam
696 1125 790 1191 agitur.
802 1124 915 1174 Ceterum

248 1200 290 1249 hee
301 1201 337 1248 ito
348 1193 446 1259 resetoh
465 1209 513 1242 nan
526 1208 569 1256 quo
584 1189 651 1240 nobis
663 1189 866 1258 ingratitudinem
872 1207 918 1242 en·

245 1264 367 1331 mairem,
385 1263 413 1312 de
425 1275 471 1325 qua
479 1260 542 1309 nihii
553 1274 637 1309 uerear
643 1277 654 1322 ;
667 1275 709 1308 nec
724 1272 751 1308 ut
755 1256 916 1320 formidinem

249 1335 379 1386 incutiam,
393 1342 441 1394 pua
456 1327 517 1376 nihii
531 1331 587 1392 opus
600 1324 716 1388 futurum
732 1324 845 1377 existima
856 1342 865 1370 .·
876 1323 918 1374 sed

248 1415 272 1450 ut
286 1396 392 1464 Phiiippi
405 1397 431 1444 in
447 1410 490 1444 vos
503 1392 632 1454 mateficia,
648 1405 671 1444 et
681 1391 791 1442 vicissim
804 1391 829 1439 in
843 1391 916 1440 iilum

245 1482 322 1517 vestra
334 1464 475 1531 cogitantes
485 1495 492 1518 ‚
503 1459 695 1517 admoneamini,
704 1474 731 1509 ea
741 1458 916 1517 demumfirma

247 1550 308 1599 atque
319 1545 437 1599 perpetua
443 1545 491 1579 esse
495 1526 607 1591 foedera,
626 1526 782 1591 quaservari
789 1526 916 1589 utriusque
927 1531 930 1536 '

247 1603 349 1652 intersit.
366 1596 439 1661 Quod
448 1596 470 1645 si
479 1598 572 1658 map'ora
587 1608 642 1643 sunt
652 1593 720 1644 iliius
728 1594 832 1649 merita,
846 1591 916 1644 vobit

247 1685 304 1718 eure
318 1667 384 1723 trie,
402 1677 432 1713 ut
449 1677 531 1711 mutuo
551 1662 577 1709 in
590 1661 661 1711 ilium
676 1661 755 1711 animo
770 1659 827 1711 sitis
845 1678 853 1705 :
872 1659 915 1712 illa

247 1736 374 1785 maximum
392 1728 503 1783 initorum
521 1728 647 1794 premium
662 1742 758 1793 putat,
780 1725 917 1777 subvenisse

247 1802 344 1852 Greeiae
357 1836 365 1858 ‚
379 1815 425 1865 pro
435 1801 503 1860 eujus
511 1798 590 1846 salute
598 1810 667 1859 atque
676 1795 795 1862 dignitate
802 1805 916 1859 perpetua

248 1886 295 1919 eum
315 1864 431 1919 barbaris
450 1863 514 1913 helia
529 1863 610 1929 gerit.
629 1860 709 1926 Atque
730 1861 823 1911 utinam
843 1861 915 1909 ilium

248 1933 427 1988 Atheniensium
434 1931 511 1994 furor
525 1929 619 1995 ingenio
634 1945 676 1978 suo
686 1928 723 1978 uti
736 1944 822 1994 passus
837 1941 916 1986 esset,

242 1998 289 2067 jin
296 2005 321 2053 in
335 1999 400 2052 Asia
409 1996 529 2047 audiretis
537 2011 606 2044 annm
616 1995 691 2059 ipsius
704 2010 767 2052 esse,
787 2010 838 2059 pua
852 2008 918 2045 nune

248 2070 376 2121 enittendis
385 2062 548 2131 improborum
557 2061 677 2118 motibus,
694 2062 788 2110 inuitus
794 2076 837 2127 per
845 2059 920 2110 Gra·

249 2140 302 2186 eiam
318 2133 479 2196 circumferre
494 2131 600 2198 cogitur.
611 2131 711 2178 Poterat
724 2128 816 2193 quidem
832 2128 929 2177 amicis'

250 2201 436 2256 Atheniensibus
446 2198 501 2253 uti,
520 2196 568 2246 nisi
587 2197 640 2247 huic
656 2193 827 2251 Demostheni,
848 2209 919 2260 atque

249 2269 468 2337 utinamutinam,
482 2265 522 2330 qui
531 2263 665 2331 imperitam
675 2261 872 2318 multitudinem,
888 2274 919 2311 ue

248 2341 373 2405 expositum
381 2334 465 2385 oensis
479 2348 562 2389 more,
575 2331 820 2378 orationumsuarum
837 2343 918 2384 aura,

251 2407 407 2470 mavolunt,
425 2400 568 2466 impediunt,
586 2397 730 2463 uectigalem
744 2412 768 2446 se
781 2395 865 2457 faeere
879 2395 920 2442 in-

252 2473 363 2539 dignum,
378 2484 471 2533 ,usuque
486 2481 509 2517 ee
525 2464 628 2530 exemplo
635 2464 731 2527 foedum
745 2462 920 2514 existimasset·

252 2540 332 2608 Quippe
344 2539 368 2588 si
382 2534 446 2604 apud
459 2533 516 2587 ilios
528 2532 645 2582 honestati
657 2530 763 2597 pretium
772 2543 830 2579 esset
841 2562 848 2585 ,
859 2543 921 2595 gra-

254 2610 306 2658 tuito
314 2605 469 2669 boniforent,
481 2597 575 2661 Quibus
585 2598 681 2660 honesto
695 2598 793 2646 vendere
806 2611 856 2644 mos
866 2609 919 2654 est,

254 2671 273 2721 si
288 2676 366 2726 eadem
375 2668 477 2737 flagitii
490 2661 579 2716 merces
595 2666 682 2721 detur,
700 2663 773 2714 utilia
789 2677 803 2710 a
820 2661 921 2719 noxiis,

255 2757 312 2791 tecto
326 2741 357 2792 ab
373 2734 506 2791 inhonestis
522 2748 569 2783 non
585 2731 724 2797 distingunt
741 2748 751 2776 .·
769 2730 852 2784 iaceo,
871 2743 920 2778 nau

256 2810 330 2869 affeetu
342 2805 449 2856 uirtutis
464 2816 508 2852 out
518 2799 669 2867 patrinum
685 2812 711 2846 ue
720 2793 827 2848 Deorum
842 2794 921 2843 homi-

258 2889 347 2926 num-ve
361 2870 500 2926 reverentia
514 2868 646 2918 ducuntur.
695 2862 750 2914 odite
764 2861 855 2914 honesti
870 2859 927 2909 aei--

196 2975 197 2986 a
257 2943 304 3004 quid
325 2955 369 2991 aut
389 2936 484 3007 egregii
505 2948 638 3000 exspectare
656 2928 740 2979 abhis
758 2921 926 2979 hominibusi

259 3010 337 3060 nstris
346 3004 499 3060 utilitatibus
509 3017 557 3056 non
566 3012 709 3063 mouentur,
725 2979 927 3065 puepatriatauu¹

783 3062 808 3124 ,C
