2625 4017
417 503 480 591 '37¹6
599 500 987 589 Q.CURT11‚

416 604 505 671 eladis
515 606 649 682 exemplo
661 606 882 692 continerentpr.
899 605 1070 671 Memaceni
1081 615 1095 683 ,¹

383 732 387 741 .
416 686 510 752 valida
519 704 606 765 gens,
619 685 795 744 obsidionem
806 725 815 755 ,
826 679 885 745 noir
897 703 929 746 ut
940 686 1094 750 honestio-

415 788 478 829 rem
498 764 612 833 modo,
636 763 682 823 sed
705 764 791 824 etiam
809 781 840 826 ut
856 766 995 826 tutiorem
1015 768 1092 829 ferre

414 848 607 907 decreverant.
619 842 664 902 Ad
679 848 800 919 quorum
813 846 1000 920 pertinaciam
1010 846 1092 908 miti·

414 925 538 1015 gandam
556 942 606 981 rex
624 944 640 980 t
657 922 763 999 equites
776 924 909 1001 praemisit
923 946 940 996 ς’
956 926 1008 1003 qu'i
1026 922 1089 986 ede-

363 1067 365 1071 ,
414 1004 545 1065 mentium
557 1000 644 1081 ipsias
656 1001 684 1059 in
700 999 826 1070 deditos,
842 1001 976 1080 simulque
987 1002 1090 1064 inexo-

413 1082 527 1146 rabilem
545 1079 665 1139 animum
682 1079 711 1139 in
728 1078 871 1149 devictos,
893 1082 1088 1151 ostenderent.

413 1164 478 1232 illi,
490 1181 539 1220 nec
552 1159 585 1218 de
594 1156 650 1235 fide
660 1201 670 1227 ,
682 1178 732 1217 nec
743 1156 908 1240 deportatio
921 1162 998 1240 regis
1008 1161 1088 1241 ipsos

413 1241 538 1303 dubitare
563 1238 732 1316 respondent
751 1258 760 1308 3
783 1239 947 1316 *equitesque
972 1240 1087 1301 tendere

412 1339 492 1382 extra
504 1317 672 1381 munimenta
684 1314 758 1375 ardis
773 1317 881 1396 jubent·
894 1318 1088 1397 Hospitalitet

411 1399 511 1461 deinde
520 1418 653 1473 exceptos
663 1437 672 1465 ‚
682 1416 836 1475 gravesque
844 1398 934 1475 epulis
941 1418 969 1458 et
977 1420 1085 1460 somno

410 1481 577 1555 intempesta
589 1494 674 1536 nocte
683 1476 774 1534 adorti
788 1478 999 1540 interfecerunt.
1008 1479 1086 1540 Ale·

409 1558 516 1622 xander
526 1556 599 1617 haud
609 1576 705 1623 secus,
717 1575 801 1631 quarn
812 1573 951 1633 parerat,
963 1576 1083 1628 motus,

351 1666 362 1694 .·
408 1642 509 1701 urbem
524 1656 630 1699 cotona
649 1635 851 1709 circumdedit3
870 1636 1081 1708 munitiorem,

407 1739 495 1797 quam
508 1735 539 1778 ut
550 1715 643 1794 primo
655 1715 763 1791 impetu
780 1716 842 1793 capi
858 1733 959 1792 posset.
977 1717 1082 1794 Itaque

407 1798 588 1877 Meleagrum
611 1812 640 1853 et
663 1793 816 1854 Perdiccan
841 1794 871 1852 in
896 1795 1082 1859 obsidionem

406 1876 521 1956 jungit,
543 1872 735 1951 Cyropolim,
751 1889 783 1933 ut
803 1891 868 1934 ante
885 1874 993 1935 dietum
1011 1895 1081 1946 est,

407 1955 576 2015 obsidentes.
595 1952 736 2012 Statuerat
759 1969 854 2013 autern
874 1973 990 2030 parcere
1013 1955 1080 2016 urbi

404 2034 550 2096 'eonditaea
563 2031 658 2109 Cyro:
669 2033 771 2109 quippe
781 2052 838 2092 non
848 2034 935 2094 alium
943 2034 1079 2115 gentium

404 2112 521 2175 illarum
535 2133 580 2172 tna
603 2111 625 2170 is
639 2112 790 2171 admiratus
804 2130 845 2171 est
860 2154 871 2180 ‚
895 2134 981 2190 quant
998 2114 1079 2175 hunc

404 2215 435 2256 re
456 2214 521 2261 em,
539 2209 567 2252 et
575 2133 764 2258 domninam,
776 2191 805 2250 in
817 2192 915 2267 quibus
927 2210 955 2252 et
965 2192 1079 2273 magni-

403 2215 527 2333 tudinem
544 2268 651 2339 animi,
672 2286 699 2330 et
715 2266 869 2331 claritatem
885 2290 974 2331 rerunt
993 2270 1078 2353 longe

405 2350 552 2413 emicuisse
562 2350 701 2409 credebat.
712 2348 846 2409 Ceterum
857 2351 1011 2426 pertinacia
1022 2374 1080 2431 op·

403 2432 572 2517 pidanorum
587 2429 647 2505 ejus
659 2429 731 2487 itam
744 2430 882 2491 accendit.
897 2431 996 2506 Itaque
1008 2452 1076 2513 cap-

404 2528 462 2571 tam
479 2508 570 2569 urbem
581 2506 699 2598 diripere
715 2508 791 2581 jussit
802 2506 922 2568 delectos
933 2508 1075 2571 Macedo·

403 2588 551 2658 nes,haud
561 2586 881 2664 injunainfestos3etad
891 2589 1074 2670 Meleagrum

404 2685 434 2730 et
443 2667 594 2728 Perdiccan
604 2666 685 2727 redit.
698 2665 751 2725 Sed
762 2687 820 2724 non
832 2668 885 2727 alia
896 2671 961 2728 urbs
970 2668 1074 2733 fortius

403 2747 581 2808 obsidionem
591 2746 656 2805 tulit
671 2745 792 2823 :qnippe
801 2762 829 2806 et
839 2747 962 2808 militum
971 2768 1075 2825 protn-

401 2828 502 2904 tissimi
521 2825 668 2897 cecidere;
690 2826 794 2906 etipse
812 2846 862 2885 rex
882 2826 914 2886 ad
934 2828 1073 2889 ultimum

397 2907 559 2986 perieulum
570 2904 658 2970 uenit.
676 2904 809 2982 Namque
823 2906 917 2971 cervix
930 2907 990 2986 ejus
999 2928 1072 2968 saxo

1029 3024 1071 3084 tta
